2814 4808
220 273 265 342 ao
602 221 928 339 nnnsniuu

172 459 293 532 telate
321 461 416 522 sunt:
450 475 524 522 nam
559 452 602 523 ad
631 477 703 524 eam
731 451 839 533 diem,
864 447 931 518 etsi
950 447 1128 540 potissima
1148 447 1290 519 arbitrio

220 557 398 648 principis,
425 557 589 644 quaedam
611 565 721 626 tamea
741 553 863 622 studiis
877 553 1023 621 tribuum
1041 552 1175 626 fiebant
1218 553 1291 624 Ne-

220 682 285 750 que
295 661 442 750 populus
461 661 652 752 ademptum
667 663 718 729 ins
735 662 875 747 questus
891 664 944 724 est
957 657 1022 725 nisi
1036 657 1126 724 inani
1145 677 1290 740 rumore,

220 771 256 832 et
275 770 414 831 senatus
429 766 662 850 largitionibus
675 785 712 828 ac
725 759 880 850 precibus
895 758 1043 828 sordidis
1058 761 1229 828 exsolutus
1245 761 1290 828 li-

220 869 304 934 bens
323 869 451 951 tenuit,
473 867 662 936 moderante
677 861 871 930 Tiberiane
886 864 1001 951 plures
1016 885 1113 951 quam
1130 871 1290 951 quattuor

222 969 420 1040 candidatos
445 966 704 1048 commendaret,
735 967 808 1033 sino
834 967 969 1055 repulsa
994 971 1030 1032 ct
1052 966 1179 1050 ambitu
1201 966 1291 1035 desi-

223 1074 385 1163 gnandos.
434 1070 530 1139 Inter
547 1089 631 1160 quaa
650 1069 778 1136 tribuni
799 1067 911 1159 plebei
932 1069 1080 1158 petivere
1095 1075 1135 1136 nt
1153 1072 1290 1160 proprio

225 1185 362 1270 sumptu
382 1174 518 1243 oderent
535 1169 651 1252 ludos,
678 1173 737 1259 qui
754 1171 795 1240 de
810 1171 940 1240 nomine
955 1171 1102 1256 Augusti
1116 1171 1214 1240 iestis
1229 1171 1290 1239 ad·

225 1285 289 1354 diti
301 1277 509 1366 Augustales
523 1279 738 1356 vocarentur3
766 1273 826 1341 esd
842 1274 975 1342 decreta
986 1273 1125 1365 pecnnia
1137 1297 1179 1342 ex
1196 1297 1291 1342 aera-

224 1389 295 1466 rio,
316 1390 419 1469 utque
434 1397 493 1466 per
510 1375 632 1441 circum
649 1377 844 1468 triumphali
863 1385 954 1446 veste
967 1384 1159 1446 uterentur:
1188 1399 1291 1446 curru

225 1483 402 1560 vebibaud
415 1477 624 1566 permissum.
667 1480 746 1548 Mox
761 1479 942 1549 celebratio
964 1503 1107 1548 annuum
1127 1479 1171 1548 ad
1191 1503 1292 1568 proe-

227 1601 338 1660 torem
351 1583 533 1664 translata,
558 1583 613 1648 cui
635 1581 725 1650 inter
741 1585 831 1654 cives
845 1593 881 1653 et
892 1585 1085 1676 peregrinos
1100 1583 1291 1654 iurisdictio

225 1695 471 1860 eveum:diullio
485 1808 595 1855 rerum
610 1787 812 1857 urbanarum
827 1796 940 1859 status
959 1795 1049 1872 erat,
1072 1811 1145 1856 cum
1159 1787 1292 1859 Panno·

223 1897 316 1966 nicae
336 1893 483 1978 legiones
504 1891 627 1958 seditio
645 1893 800 1976 incessit,
828 1897 931 1964 nullis
951 1895 1046 1962 novis
1068 1895 1198 1978 causis,
1223 1896 1291 1963 nisi

224 1997 315 2089 quod
339 2002 486 2062 mutatus
514 1995 670 2085 princeps
696 1996 865 2064 licentiam
888 1997 1062 2064 turbarum
1084 2007 1119 2065 et
1138 2021 1179 2064 ex
1199 1999 1290 2067 cirili

223 2103 313 2176 bello
326 2121 417 2188 spem
434 2099 655 2185 praemiorum
671 2096 877 2172 ostendebat.
921 2098 1054 2169 Castris
1069 2101 1204 2168 aestivis
1219 2107 1291 2168 tres

224 2205 324 2272 simul
341 2201 488 2288 legiones
510 2201 717 2269 habebantur
734 2202 943 2292 praesidente
955 2201 1051 2270 lunio
1063 2205 1203 2288 Blaene
1231 2205 1291 2292 qui

223 2309 288 2376 line
313 2306 464 2392 Augusti
484 2310 519 2371 et
536 2303 642 2370 initiis
661 2303 795 2372 Tiberii
821 2304 945 2374 auditis
972 2306 1015 2374 ob
1037 2307 1204 2374 iustitium
1231 2313 1292 2373 aut

227 2471 231 2478 '
292 2461 379 2517 (115.
402 2473 528 2514 canuam
541 2459 690 2529 Ernescius,
705 2477 802 2516 annua
814 2464 944 2532 Woliius,
957 2477 1067 2530 quornm
1079 2468 1217 2528 atrumque
1228 2463 1291 2518 len·

258 2537 323 2600 guet
334 2533 368 2583 ub
378 2532 569 2584 abundantiam
582 2531 717 2598 udieetivi,
733 2533 799 2582 illud
811 2535 890 2584 ctiam
904 2537 1107 2587 aeellocailcne
1119 2532 1229 2598 cpitbeti
1240 2547 1291 2582 su-

259 2603 389 2666 spectum,
401 2605 685 2664 tanquamnonumnes
699 2610 834 2664 praetores
842 2603 943 2656 tuerint
949 2605 1047 2656 anum,
1063 2606 1164 2656 Arbis.
1173 2615 1291 2656 sumat.

258 2669 400 2731 Suspicor:
430 2682 518 2722 unum
537 2667 576 2720 ad
597 2671 779 2734 praetorem,
801 2673 825 2720 b.
846 2684 870 2720 c.
890 2675 959 2735 quod
979 2671 1093 2738 tribuni,
1121 2671 1167 2736 qni
1185 2669 1290 2723 multi

258 2745 345 2804 arant,
356 2738 487 2792 communi
498 2745 604 2800 sumpto
617 2740 755 2790 celebrere
769 2741 919 2804 voluerant,
934 2753 996 2791 mox
1007 2743 1041 2793 ud
1053 2753 1149 2791 unum
1162 2753 1197 2793 ex
1208 2753 1290 2805 prae-

259 2809 547 2876 arimenensium,
565 2815 593 2858 et
606 2809 640 2860 ad
654 2819 715 2860 eun
730 2807 833 2873 quidem
846 2809 890 2859 cul
905 2811 957 2861 cte.
979 2810 1030 2885 iiio
1042 2810 1116 2875 LIV,
1131 2809 1175 2863 34.
1197 2810 1290 2864 Deru.

226 2941 301 3003 tuor,
319 2943 429 2986 scnsms
441 2941 531 2986 summ
542 2934 659 2997 reliquos
669 2939 736 2989 dno·
778 2949 853 3002 run,
874 2937 969 3001 quibus
980 2935 1009 2989 in
1022 2937 1101 2992 circo
1114 2939 1192 2992 iudos
1207 2951 1290 3002 pras-

226 3007 313 3059 dcclm
326 3005 410 3055 libera
425 3004 538 3053 crearet
560 3003 651 3054 Donn.
777 3007 900 3056 bentibus
919 3007 962 3058 ius
978 3011 1057 3071 togae
1070 3009 1175 3072 rioms,
1198 3017 1230 3058 ut
1241 3009 1289 3060 lu-

277 3074 310 3125 0.
334 3071 376 3124 15.
421 3070 552 3134 precibu
574 3071 736 3132 exsolutam]
778 3075 1289 3141 ven.x1‚1ea.stmassquetrtom-

226 3143 301 3196 Veil.
312 3143 343 3193 Ρ.
355 3139 392 3204 11,
408 3142 466 3190 126.
481 3141 628 3190 summata
640 3151 656 3189 c
668 3139 736 3205 foro
775 3139 832 3204 piso
848 3141 960 3203 proedo
979 3143 1151 3194 cadauerum
1165 3145 1289 3206 praetor

226 3213 347 3275 ecditio,
363 3208 597 3271 eveniamus.
631 3209 736 3270 nosue·
777 3208 867 3258 sedet.
895 3211 932 3259 At
945 3219 1039 3261 curru
1050 3211 1115 3262 ocii
1128 3211 1287 3275 mper-

226 3283 268 3336 xlt
286 3285 335 3331 bos
355 3279 429 3328 iocos
447 3277 600 3338 synneeb.
612 3275 696 3326 bend.
709 3275 737 3326 in
777 3275 910 3343 musam,
932 3289 967 3329 nc
987 3290 1099 3342 prorsus
1111 3281 1289 3344 amoventur

227 3359 296 3415 pam.
313 3361 340 3410 ii·
353 3349 396 3396 89.
410 3346 451 3394 ed.
462 3345 527 3397 bisi.
541 3345 737 3410 intelligamus
777 3347 905 3408 sommi
923 3346 1025 3398 melori.
1057 3349 1098 3398 De
1111 3361 1192 3400 curru
1207 3361 1289 3412 rme-

227 3412 443 3471 matrimonii
454 3413 544 3470 basar
571 3414 650 3464 obest
667 3425 737 3465 cera
777 3421 864 3466 torum
876 3414 903 3464 in
914 3415 1140 3484 circumvenit,
1152 3420 1194 3468 16.
1212 3419 1289 3481 Quid

226 3485 340 3550 turpia,
354 3482 485 3534 diribitio
496 3483 737 3546 corrwtaciien-
777 3481 804 3534 ei
821 3483 941 3536 vidium
958 3487 1125 3549 praetorem
1144 3485 1175 3537 iu
1186 3489 1289 3541 carai-

144 3556 148 3584 i
226 3559 354 3609 taurum
370 3551 481 3616 mdo,
501 3551 599 3603 citello
615 3552 734 3604 ocum.
776 3553 907 3604 bimaitis
921 3550 1090 3605 aasumensi
1111 3558 1244 3609 iixinns.

225 3625 312 3677 later
328 3623 461 3673 senam
478 3621 509 3671 et
523 3619 669 3684 mincium
685 3633 736 3672 ce·
826 3621 874 3672 cai
894 3660 922 3674 ..
942 3622 1096 3685 weaisset]
1125 3628 1176 3678 'lot
1193 3625 1287 3678 verbis

226 3693 310 3747 attia
319 3691 534 3756 transiguntur.
554 3689 701 3740 Genusus·
778 3701 847 3754 opus
859 3691 912 3741 init
921 3691 1075 3760 seidonim,
1089 3703 1118 3744 ut
1130 3708 1188 3746 enirn
1201 3693 1286 3760 algni-

276 3760 383 3820 tenutt]
407 3761 441 3809 it.
453 3773 479 3810 e.
496 3757 608 3810 obtinuit
627 3757 669 3808 ius
687 3768 736 3821 po-
777 3758 889 3824 testat,
911 3773 989 3824 quem
1004 3762 1079 3812 bodie
1092 3763 1209 3828 plerique
1225 3766 1286 3815 brc-

227 3833 289 3896 nulo
301 3831 459 3890 ademptum.
777 3829 849 3879 viter
865 3829 969 3894 quidem
991 3833 1038 3882 sed
1059 3833 1160 3884 racemi
1179 3846 1214 3883 ex
1235 3843 1286 3885 usu

277 3897 445 3961 trimatu&
460 3895 552 3955 cesta]
576 3895 652 3954 Ques
670 3907 736 3956 aar·
774 3900 941 3962 praecocem
948 3901 1132 3967 peresriason
1140 3902 1230 3954 dicere
1238 3911 1286 3953 so-

226 3981 294 4030 rura
305 3978 372 4019 auro
383 3966 467 4016 mixtu
479 3967 553 4028 emt,
572 3963 640 4014 lilia.
652 3964 687 4014 ii.
700 3965 733 4014 Ν.
776 3967 841 4018 lent·
865 3967 955 4021 Dona.

225 4037 289 4098 ilie
306 4039 350 4087 ee
378 4035 419 4086 iia
437 4034 477 4084 nti
495 4043 669 4099 conoessum,
698 4035 733 4086 sei
823 4033 914 4088 (116.
944 4035 1286 4092 samosateum

223 4106 377 4172 exennium
397 4101 537 4156 maalon
564 4104 593 4152 et
622 4109 732 4165 meto-
773 4104 940 4176 luguuun,
970 4116 1001 4162 nt
1020 4117 1046 4161 a.
1064 4107 1123 4177 bb,
1151 4105 1286 4172 aaudiat
