2838 4830
289 267 605 344 AHNAHUM
630 269 735 344 tiit
755 267 823 347 vl.
867 269 987 347 GAP.
1011 278 1044 347 l.
1136 265 1207 347 2³8

446 613 619 682 LIBER
659 613 895 682 SEXTUS.

519 759 813 818 alluvionum·

197 861 299 920 alteri
314 875 434 918 monas
449 868 479 916 ei
494 863 591 918 taedae
606 861 738 916 libidines·
772 864 916 918 Multorum
930 861 1137 934 accusationes,
1160 863 1204 920 iu-
1308 901 1309 904 κ

128 961 224 1018 ωηιιο
246 963 295 1006 eos
318 947 407 1002 marci
429 948 549 1002 Terentii
572 947 671 1014 equitis
696 949 827 1018 Bomsul,
850 949 929 1002 culus
944 946 1034 1002 libera
1050 956 1078 1000 et
1094 949 1206 1014 egregia

128 1035 251 1089 defensio
268 1035 380 1086 inserta.
414 1033 492 1086 Lucii
509 1033 617 1087 Pisonis
633 1035 766 1098 praefecti
783 1035 858 1086 urbis
870 1047 945 1088 mors
956 1042 984 1086 et
995 1035 1094 1098 iunus;
1114 1041 1142 1085 et
1155 1045 1206 1098 per

127 1121 302 1176 occasionem
326 1121 360 1171 de
381 1117 485 1182 origiue
508 1119 568 1171 eine
589 1119 710 1171 muneris
731 1121 759 1171 et
784 1133 937 1186 progressu.
979 1117 1020 1170 De
1035 1119 1205 1183 sibyllarum

126 1206 293 1260 carminibus
304 1201 467 1268 recipiendis
479 1203 659 1270 consultatio,
681 1211 709 1254 et
722 1217 791 1268 qnae
807 1203 835 1256 in
848 1203 885 1257 iis
898 1204 997 1257 cando·
1031 1205 1206 1257 eediuoleo·
1265 1189 1267 1198 ’

127 1303 192 1346 nee
212 1293 248 1344 ob
268 1289 433 1356 aarum
454 1303 587 1346 monae.
625 1288 780 1342 Germanici
796 1291 870 1344 duee
891 1289 967 1344 iillae
988 1293 1102 1356 nuptu
1122 1290 1204 1345 setae

127 1377 216 1432 nocio
237 1375 337 1430 omis
358 1384 387 1428 ct
408 1379 503 1430 Murco
524 1375 641 1430 Vinicio.
681 1373 862 1430 renerum·
889 1373 1028 1440 accusat13
1057 1387 1204 1438 repressae

127 1475 245 1530 nsumep
268 1470 297 1514 et
310 1461 474 1516 liberalitate
490 1459 619 1516 Caesaris
637 1459 704 1510 iides
720 1461 863 1512 multorum
878 1462 991 1514 reiecta.
1031 1460 1132 1512 lterum
1153 1472 1204 1512 ec-

127 1545 285 1602 cusatlones
307 1545 476 1611 malestatis,
505 1553 533 1596 ct
556 1558 609 1598 nno
626 1541 713 1598 edicto
730 1557 822 1596 omnes
841 1545 942 1596 conscii
960 1543 1121 1598 seianimae
1137 1556 1205 1597 oon-

127 1631 271 1685 iurationis
293 1631 391 1684 necati.
432 1632 519 1684 (isius
542 1631 647 1684 Caesar
667 1629 791 1696 caligula
812 1627 950 1682 Claudiam
966 1643 1078 1684 uxorem
1094 1631 1204 1695 accipit.

129 1716 191 1770 eine
206 1727 294 1768 mores
310 1719 338 1768 et
354 1717 456 1770 callim
469 1716 607 1770 sinulatio
622 1700 757 1769 inarum.
791 1713 891 1766 liberii
908 1715 1079 1782 praesagium
1092 1719 1126 1768 de
1136 1719 1204 1768 ser-

130 1803 179 1856 vlo
194 1803 298 1870 Galba,
320 1811 350 1854 et
361 1816 410 1867 per
427 1815 540 1856 cauum
556 1815 617 1856 ean
632 1803 667 1854 de
682 1799 878 1854 mmbemaiicls
893 1801 993 1866 aliquid
1006 1807 1035 1856 et
1046 1801 1204 1866 mmmyllo.

129 1885 215 1942 Drusi
231 1886 382 1940 Germanici
398 1889 450 1940 iiiii
464 1889 619 1940 miseranda
635 1898 724 1952 more,
749 1885 814 1936 item
831 1885 1008 1950 Agrippinae.
1040 1887 1136 1938 Nerva
1158 1884 1204 1936 lu·

128 1973 299 2027 noonsuiius
315 1971 404 2026 inedia
420 1973 577 2036 voluntarla
593 1973 667 2022 obiit.
701 1970 810 2034 Aliquot
825 1970 940 2022 aliorum
963 1969 1108 2023 illustrium
1130 1981 1204 2023 mor-

129 2069 185 2110 tes.
218 2055 337 2110 l’boenix
360 2056 389 2108 in
411 2059 538 2122 Aegypto
554 2057 633 2124 visa,
655 2065 684 2107 et
698 2067 780 2118 super
796 2069 829 2107 ea
845 2063 967 2108 veterum
983 2055 1153 2108 narrationes
1169 2066 1204 2107 an

129 2141 239 2196 iudicio.
272 2139 469 2194 Accusationes
483 2141 579 2194 varlas
595 2145 624 2192 et
639 2148 748 2193 mortes.
790 2141 949 2194 Parthorum
966 2141 1050 2207 legati
1066 2141 1094 2192 in
1110 2141 1206 2193 urben

130 2239 233 2279 venere
248 2229 283 2278 ad
298 2235 400 2278 novum
415 2237 508 2291 regem
525 2227 677 2289 petendum.
710 2235 740 2279 et
757 2225 883 2278 aibertus
900 2237 996 2293 mum,
1019 2227 1114 2280 duride
1131 2229 1205 2280 alte-

127 2325 189 2368 τω
212 2312 294 2364 misit.
331 2311 435 2364 nucius
459 2309 588 2362 Vitellius
609 2311 713 2364 orienti
735 2313 905 2382 praelectus,
927 2313 1041 2378 eiusque
1056 2311 1204 2378 ingenium.

127 2396 239 2451 Proelia
260 2395 330 2449 inter
351 2393 495 2448 Armenios
515 2404 544 2448 ei
567 2397 692 2452 Parthos.
732 2401 886 2450 Artabanus
909 2409 993 2463 regno
1016 2405 1113 2450 exutus
1130 2405 1158 2450 et
1174 2399 1206 2450 iu

126 2481 266 2545 Scythiam
279 2481 426 2547 profugus,
449 2481 494 2534 cui
511 2481 652 2536 l'eridates
668 2481 802 2536 sufficitur
814 2483 922 2536 Vitellii
937 2481 1051 2536 oonsilio
1067 2491 1095 2534 et
1111 2481 1204 2535 armis.

127 2569 165 2620 At
181 2569 283 2619 Rornae
298 2566 443 2618 illustrium
459 2568 643 2622 dnmumioues
659 2577 688 2620 et
703 2575 814 2620 mortes.
847 2566 937 2621 (ilites
954 2567 1128 2631 cappadoces
1143 2565 1204 2632 regi

127 2665 179 2706 suo
200 2653 320 2704 rebelles
341 2659 369 2704 ct
391 2652 521 2716 repressi.
560 2654 701 2705 uerldates
723 2665 772 2705 rex
795 2653 1066 2718 discidioprooerum
1082 2650 1204 2720 pellitur,

127 2745 158 2790 et
180 2737 337 2790 Artabanus
358 2733 389 2787 iu
411 2749 524 2801 regnum
546 2737 644 2790 lterum
666 2737 782 2792 accitur.
816 2739 919 2792 nomae
942 2735 1093 2788 incendium
1114 2743 1204 2807 amos,

127 2824 197 2889 quod
220 2821 324 2876 caesar
344 2819 510 2874 liberalitate
532 2836 584 2878 sua
605 2823 748 2890 mitigavit.
788 2821 890 2878 liberii
912 2821 1071 2876 deliberatio
1087 2823 1121 2874 de
1138 2807 1206 2876 suc-
1260 2843 1261 2847 ¹

126 2915 255 2969 cessore;
275 2905 387 2972 eiusque
402 2907 512 2959 morbus
531 2917 559 2960 et
575 2923 657 2963 more.
1009 2914 1010 2921 ’

197 2990 284 3043 tlesta
299 2993 367 3043 liaeo
382 2991 462 3043 annis
478 2991 589 3047 circiter
606 3008 672 3064 sex,
694 2993 789 3048 Gnaeo
805 2992 920 3048 Domitio
937 2995 1032 3050 llarto
1052 2993 1137 3048 Furio
1148 2995 1205 3050 Ge·

126 3075 219 3144 mdlo,
235 3073 333 3129 servio
348 3077 467 3144 sulpicio
487 3077 578 3133 Galba
593 3080 678 3133 Lucio
694 3078 820 3140 tlornello
835 3081 930 3148 sulla,
951 3081 1038 3134 l’snlo
1051 3081 1135 3136 Fabio
1147 3081 1205 3134 hu-

126 3161 172 3215 cio
196 3161 327 3230 Vitellio,
351 3161 421 3214 Gaio
440 3161 532 3216 metio
550 3167 631 3220 dallo
646 3167 740 3219 Marco
755 3167 874 3218 serenio
889 3167 980 3237 linio,
1001 3167 1100 3230 ouium
1118 3169 1206 3223 Plau·

126 3247 166 3305 ilo
181 3249 264 3302 Sexto
280 3247 412 3317 Papinio,
433 3249 528 3303 Gnaeo
546 3251 696 3305 doemonio
714 3253 784 3306 (laio
804 3253 898 3308 Pontio
916 3251 1081 3306 consulibus.

127 3542 162 3610 l.
188 3495 351 3610 Gnaeus
370 3539 543 3611 Domitius
563 3553 599 3611 at
620 3543 784 3615 Camillus
797 3543 1037 3614 Scribonianus
1049 3543 1369 3631 consula-(aureli)

127 3653 200 3710 tum
214 3643 368 3726 inierant,
388 3667 463 3712 cum
477 3645 615 3732 Caesar,
637 3648 793 3717 tramisso
808 3648 897 3736 quod
911 3645 1060 3739 cupreus
1072 3653 1109 3714 at
1121 3645 1205 3716 Sur·
1228 3655 1255 3698 ⁸·
1266 3647 1351 3707 Μ·

127 3755 261 3814 rentum
287 3748 441 3818 interluit
467 3752 575 3835 freto,
603 3749 818 3840 Campaniam
838 3751 1070 3841 praelegebat,
1099 3753 1205 3820 umbi·

126 3869 218 3937 guus
240 3871 283 3918 ao
303 3851 417 3920 urbam
441 3857 605 3938 intrarat,
629 3877 708 3938 seu,
735 3853 815 3942 quia
836 3861 953 3923 contra
965 3854 1205 3942 destinauerat,

124 3953 274 4044 speciem
288 3955 421 4026 uenturi
434 3957 610 4032 simulans.
641 3957 689 4027 Et
703 3979 803 4049 subpo
815 3958 851 4026 in
864 3959 1052 4051 propinquo
1066 3959 1205 4051 degras-

183 4109 217 4164 ο.
230 4114 257 4166 1.
281 4113 436 4182 demeum
448 4116 556 4172 llrneet
577 4117 616 4171 st
626 4119 685 4172 llil.
695 4117 862 4188 meam,
877 4117 961 4174 bauer
976 4117 1033 4174 vll.
1045 4122 1082 4176 ed
1094 4121 1145 4191 Ν,
1158 4119 1204 4177 lt.
