2814 4806
252 221 319 304 ιω
378 219 690 294 eumanum
712 219 884 298 aliun.
925 223 1046 301 CAP.
1065 229 1201 305 8288.

200 417 285 505 min
307 409 613 503 cognoramus.
654 409 774 502 lieque
787 417 898 484 tamea
913 415 957 484 ob
970 437 1009 486 ea
1023 419 1175 507 parantis
1187 421 1322 513 petrice

245 523 393 590 delatum
413 526 456 590 ut,
471 524 567 584 antee
587 515 780 584 vocabulum
803 523 987 611 assumpsit
1006 524 1192 614 acerbeque
1211 526 1321 596 inore-

245 628 321 718 puit
333 647 410 708 eos,
430 623 488 712 qui
505 619 634 690 divinas
650 621 883 708 occupationes
896 623 1071 714 ipsumque
1085 625 1253 700 dommum
1265 631 1320 700 eli·

244 737 373 800 xeraut.
414 725 514 794 Unda
527 729 667 810 augutu
680 725 857 793 otlubrioo
872 729 980 794 oratic
993 729 1058 796 sub
1071 731 1233 823 principe,
1254 735 1317 822 qni

243 837 432 905 libertatem
447 828 632 909 metuebat,
652 825 875 896 adulationem
891 829 1021 904 odone

342 938 398 1008 88.
426 933 570 1022 Reperio
586 925 674 1018 apud
685 931 869 1020 scriptores
882 942 1123 1025 senatoresque
1135 935 1316 1006 cumulem

241 1050 429 1132 temporum
445 1032 688 1122 Adgandestrii
706 1033 867 1125 principis
883 1037 1079 1108 Chattorum
1092 1042 1199 1119 lectra
1212 1041 1249 1109 iu
1261 1064 1317 1110 ae-

240 1153 323 1212 natu
335 1143 486 1222 litteras,
505 1138 628 1227 quibus
641 1144 780 1202 morum
792 1138 944 1208 Arminii
958 1141 1195 1232 promittebat,
1213 1144 1245 1212 si
1256 1166 1317 1234 pa·

241 1245 382 1316 baulos
408 1245 482 1312 ueni
508 1261 667 1312 venenum
698 1238 907 1324 mitteretur3
938 1265 1203 1335 responsumque
1228 1269 1317 1330 esre,

240 1371 308 1418 uon
325 1345 444 1414 iruule
459 1365 564 1434 neqm
578 1343 719 1411 occultis
731 1341 791 1412 seo
804 1345 914 1433 palam
928 1353 963 1412 et
975 1357 1138 1416 armatum
1154 1351 1316 1439 populum

240 1453 426 1522 Romanum
449 1451 561 1516 bootes
586 1469 666 1514 auos
685 1447 815 1519 ulcisci.
867 1449 942 1536 Qua
963 1451 1070 1536 gioria
1093 1454 1258 1541 aequabat
1275 1476 1316 1521 aa

241 1556 403 1624 'liberius
416 1551 538 1642 priscis
555 1549 832 1641 imperatoribus,
852 1553 911 1639 qui
927 1573 1086 1621 venenum
1099 1557 1133 1624 in
1145 1555 1313 1644 Pyrrhum

240 1679 352 1744 uagom
385 1660 561 1723 vetuerant
595 1652 889 1742 perdiderantque.
929 1653 1105 1726 ‚cetorum
1132 1660 1313 1730 Arminius

240 1758 497 1828 absentantibus
515 1756 676 1824 Romania
696 1764 732 1822 et
748 1759 847 1849 pulso
861 1758 1068 1828 Maroboduo
1080 1783 1217 1848 regnam
1235 1764 1314 1832 effe-

129 1881 133 1892 ·
239 1871 336 1931 ctaus
353 1863 542 1928 libertatem
559 1859 770 1950 popularium
783 1858 954 1928 adversum
970 1863 1097 1948 babuit,
1117 1870 1313 1958 petitusque

239 1969 354 2050 armis,
376 1987 450 2032 cum
463 1965 554 2030 varia
568 1963 702 2030 fortuna
715 1971 871 2046 certaret,
892 1963 970 2032 eiulo
983 1968 1244 2061 propinquorum
1258 1995 1313 2040 oe·

238 2071 341 2138 cidit:
374 2068 539 2134 liberator
558 2063 646 2132 beuti
667 2065 769 2134 dubie
793 2068 1007 2152 Germaniae,
1034 2076 1147 2161 etqui
1164 2077 1313 2167 uoupri·

238 2172 369 2242 morlia
388 2171 505 2262 populi
522 2167 665 2236 iiomaui
687 2171 776 2237 sicut
795 2171 854 2238 alii
874 2193 971 2258 reges
986 2171 1154 2264 ducesque
1172 2176 1232 2243 sed
1251 2179 1313 2246 iio-

236 2275 462 2344 rentissimum
477 2271 653 2363 imperium
666 2273 865 2357 lacessierit,
885 2275 1024 2366 proeliis
1037 2279 1221 2366 ambiguus,
1240 2280 1311 2348 bel·

236 2383 273 2448 lo
285 2401 350 2448 nou
364 2379 486 2448 victus.
530 2375 666 2466 Septem
682 2385 717 2444 et
730 2378 869 2464 triginta
884 2402 986 2447 anuos
1000 2381 1108 2464 vitae,
1134 2381 1310 2452 duodecim

234 2484 406 2576 potentiae
423 2481 587 2572 explevit,
607 2479 811 2570 eruiturque
827 2479 935 2549 adbuc
948 2483 1109 2551 barbaras
1126 2485 1217 2576 apud
1231 2507 1312 2574 psu-

235 2597 300 2672 tes,
321 2587 525 2656 Graecorum
542 2583 717 2652 annalibus
732 2585 877 2670 ignotus,
898 2585 956 2673 qui
968 2608 1029 2653 sua
1042 2595 1171 2655 tuntum
1186 2591 1310 2660 miran-

232 2700 309 2776 tur,
334 2688 496 2760 Romanis
514 2687 602 2755 uano
618 2685 757 2778 perinde
770 2686 931 2772 celebria,
956 2685 1035 2757 oium
1049 2697 1163 2760 cotom
1176 2695 1309 2761 extolli-

233 2817 326 2877 mus,
345 2794 526 2864 racentium
542 2791 715 2866 meuriosi.

233 2969 329 3034 urite,
353 2977 384 3024 uc
404 2971 477 3022 suet.
497 2971 568 3034 Aug.
589 2967 634 3022 ⁴2.
658 2984 747 3039 sepo·
787 2981 844 3036 que
868 2964 998 3020 sunautui
1019 2965 1122 3040 voluit,
1148 2969 1306 3036 retrageme

231 3038 384 3104 flantium,
408 3037 746 3094 Gerraiuebtnller·
787 3040 874 3090 verbo
891 3037 1017 3102 reperto.

283 3109 382 3166 omen]
406 3106 573 3173 vu.1,72.
841 3107 978 3158 bellouou
990 3105 1097 3167 uictus]
1113 3106 1252 3158 Lucilius:
1266 3107 1306 3160 uc

282 3177 312 3228 t).
327 3175 370 3227 88.
403 3175 621 3240 senatoresque]
643 3178 745 3239 Nempe
785 3179 906 3242 popedon
928 3177 1073 3227 limnaeus
1100 3175 1195 3227 outae
1215 3176 1246 3226 at
1274 3179 1307 3228 et

230 3249 371 3298 senatores
389 3245 447 3295 rere
460 3245 649 3298 commentaria
660 3245 746 3296 couss-
787 3245 943 3310 moerores
952 3245 1072 3309 proeliis
1082 3247 1218 3310 ectauepe
1227 3247 1305 3296 muc-

228 3317 336 3368 clebsnt
349 3324 439 3364 eorum
452 3313 648 3376 condicerent
658 3314 685 3366 iu
695 3327 744 3366 cu-
787 3316 845 3374 eom
867 3313 937 3365 bello
947 3325 1018 3366 oerc
1029 3326 1188 3378 neumam,
1205 3314 1237 3362 o'ae
1246 3327 1305 3380 ouo

228 3385 282 3437 ria.
322 3383 364 3434 ils
387 3382 529 3434 manebant
546 3381 574 3432 in
592 3383 697 3434 tamilla
717 3389 744 3434 ct
786 3385 855 3434 eunt
868 3381 971 3434 omnia
999 3382 1149 3450 novin,
1163 3383 1204 3433 t&
1221 3383 1305 3444 Quod

228 3451 433 3510 ostentabantur
452 3461 638 3514 nonnunquam
657 3465 676 3504 n
694 3465 743 3516 po·
783 3453 1058 3519 separassem
1069 3451 1305 3518 etctuullobello,

228 3521 329 3587 sceris,
352 3533 368 3570 c
388 3519 482 3584 quibus
502 3532 587 3582 moue
607 3529 687 3585 atquc
708 3535 743 3572 cx
785 3521 884 3573 maltis
902 3523 999 3572 tranen
1013 3521 1132 3584 proeliis
1144 3521 1239 3570 victua
1250 3519 1304 3571 stt.

227 3593 298 3645 actis
319 3587 434 3652 publicis
453 3585 620 3653 privatisque
632 3589 742 3642 conciu—
835 3589 997 3654 ombipuua,
1017 3589 1157 3654 utll,21.
1180 3589 1304 3654 boacca

226 3655 641 3726 narlpuesctlcgitinnebietorln.
660 3659 742 3712 Gun—
783 3657 954 3716 (uermmicr
973 3666 1001 3707 et
1018 3657 1150 3719 Arminii)
1171 3658 1304 3724 nactique

226 3746 289 3782 ruo.
323 3728 439 3780 Baebius
453 3727 485 3778 dc
499 3727 573 3778 actis
588 3727 649 3778 sive
664 3740 742 3778 com·
783 3729 945 3778 certavere.

224 3797 375 3850 mausolio
396 3798 515 3848 ornans
532 3795 657 3862 intelilglt
677 3797 740 3846 coil.
835 3794 912 3844 bened
937 3791 1074 3858 perinde]
1108 3791 1173 3843 Scit.
1193 3805 1227 3845 nc
1249 3803 1305 3858 per

224 3867 290 3932 XV,
303 3865 347 3919 ⁷4.
361 3866 398 3932 V,
410 3863 438 3918 4.
471 3865 581 3931 Lipsius
594 3865 741 3918 seniores-
782 3869 841 3926 est3
858 3862 1037 3916 ricemeris:
1051 3863 1304 3927 quauapulauoe.

546 4017 976 4052 *ω
