2814 4808
390 273 547 347 nunu
590 275 712 348 eur.
741 280 897 353 ιιι-ιε.
1134 285 1178 356 u

109 461 246 552 quitatis
257 483 358 552 mrem
379 463 461 534 fidei
479 469 569 548 eratq
594 464 801 556 Tiberioque
813 469 965 538 etiomln
977 467 1079 540 relus
1093 495 1178 562 quas
1189 509 1230 563 14,

109 591 172 636 uon
201 571 387 650 occuleret,
421 591 482 636 seu
508 575 627 636 natura
656 571 727 639 eive
755 573 985 656 assuetudine,
1015 598 1180 666 suspensa

106 695 239 762 semper
257 683 293 740 et
311 672 456 740 obseura
476 669 595 754 verba3
626 679 706 740 tuno
726 695 805 742 vero
823 677 963 760 nitenti,
991 687 1031 746 ut
1058 703 1179 750 senous

104 799 184 844 sues
213 776 351 866 penitus
373 773 529 857 obderet,
562 773 597 840 in
619 775 783 843 inuentum
805 784 840 844 et
860 779 1048 866 ambignum
1070 786 1179 872 magis

102 879 375 980 implieapentur.
424 879 479 947 At
498 883 632 968 patres,
656 862 778 967 quihus
797 903 883 950 unus
904 893 1012 952 metue
1030 887 1060 953 si
1078 889 1179 956 intel-

101 981 218 1068 legere
247 981 458 1065 riderentur,
487 982 523 1049 in
545 988 704 1069 questus,
731 983 908 1068 leerimes,
936 993 1013 1054 vota
1036 989 1179 1076 effundi,

101 1084 147 1153 ad
174 1084 277 1168 deos,
309 1083 354 1151 ad
375 1083 518 1171 effigiem
539 1085 710 1170 Augusti,
738 1085 782 1154 ad
803 1110 909 1174 genoe
932 1089 1040 1180 ipsius
1062 1115 1179 1162 manus

102 1187 265 1271 undere,
292 1209 367 1256 eum
382 1187 527 1278 prolerri
543 1187 696 1256 libellum
710 1190 911 1286 reeitoriqne
927 1192 1040 1261 iussit.
1084 1195 1180 1288 Opes

101 1291 262 1380 publicae
282 1289 553 1372 eontineloentur,
581 1298 740 1378 quantum
760 1291 880 1360 uirium
898 1295 1129 1386 seniorumque
1143 1301 1180 1368 iu

102 1395 230 1476 armis,
253 1405 338 1484 quot
356 1396 503 1475 elaeees,
532 1415 654 1480 regna,
679 1394 886 1484 provinoiao,
907 1397 1035 1466 tribute
1049 1409 1108 1468 aut
1122 1424 1180 1471 re·

103 1497 263 1584 oliqelia,
283 1505 319 1565 et
332 1497 550 1569 necessitates
563 1519 602 1562 ae
614 1497 824 1583 largitiones.
866 1497 963 1588 Quae
978 1511 1096 1572 euneta
1115 1529 1179 1574 sua

104 1621 203 1668 manu
232 1601 478 1690 perscripserat
501 1599 702 1686 Augustus,
738 1599 980 1692 addideratque
1003 1608 1180 1676 eonsilium

106 1703 282 1770 eoeroendi
305 1704 395 1770 intra
418 1704 578 1768 terminos
600 1699 749 1790 imperii,
775 1703 938 1776 ineertum
956 1716 1046 1778 metu
1061 1733 1103 1778 an
1119 1733 1180 1801 per

107 1803 279 1882 inuidiam.
328 1807 382 1874 12.
410 1803 505 1872 Inter
525 1825 610 1892 quoe
632 1813 751 1872 senatu
772 1805 815 1872 ud
835 1807 966 1877 infimae
981 1813 1178 1884 obtestatio-

107 1927 169 1974 nes
188 1907 422 1997 procumbente
444 1907 529 1974 dixit
544 1908 632 1974 forte
645 1906 804 1978 Tiberius
822 1933 879 1994 se,
906 1920 1023 1982 utnon
1043 1917 1108 1984 toti
1126 1917 1178 1984 rei

109 2009 262 2098 pullione
289 2033 421 2102 parem,
453 2011 502 2078 ite
527 2031 742 2098 quaeeunque
763 2035 843 2103 pare
863 2013 929 2082 eibi
951 2017 1179 2102 mandaretur,

108 2113 180 2180 eius
201 2115 340 2182 tutelam
358 2121 606 2202 suseepturum.
647 2111 735 2182 Tum
750 2115 893 2184 Asinius
909 2117 1048 2202 Gallus,
1074 2122 1178 2190 inter-

104 2239 206 2304 rogo,
235 2217 364 2306 inquit,
395 2215 540 2298 Caesar,
564 2237 664 2304 quem
689 2223 818 2308 partem
839 2221 891 2286 rei
909 2223 1063 2311 publiooe
1085 2247 1177 2294 mon-

103 2319 177 2388 dari
198 2313 385 2388 tibirelis?
427 2319 803 2410 Pereuleusimprovisu
817 2321 1078 2412 interrogatione
1093 2351 1176 2418 pou·
1242 2380 1245 2388 1

102 2425 171 2492 lum
191 2425 348 2506 retiouit3
380 2419 457 2490 dein
470 2423 610 2490 eolleeto
626 2421 735 2490 animo
749 2424 939 2514 respondit:
966 2451 1175 2519 nequaquam

103 2527 262 2596 deeorum
278 2525 400 2619 pudori
414 2547 476 2593 suo
489 2528 601 2613 legere
616 2523 816 2615 aliquidaut
830 2527 957 2596 euitare
979 2553 1019 2598 ex
1038 2553 1095 2613 eo,
1119 2535 1176 2602 eui

103 2631 139 2698 in
159 2631 352 2698 uniuersum
375 2629 528 2696 exeusari
547 2628 675 2699 mallet.
716 2627 864 2696 Rursum
887 2631 1008 2701 Gallus
1035 2634 1175 2720 (etenim

101 2735 199 2802 vultu
215 2732 427 2800 offensionem
442 2729 701 2816 oonieetaverat)
720 2753 784 2798 non
798 2733 918 2800 ieoireo
931 2734 1174 2821 interrogatum

102 2837 171 2918 ait,
191 2844 231 2904 ut
245 2833 410 2904 diuideret
423 2857 509 2924 quae
525 2834 676 2925 eeporari
691 2833 877 2922 nequirent,
897 2833 958 2900 sed
972 2841 1007 2902 et
1021 2859 1082 2906 sua
1096 2861 1174 2908 oon·

102 2940 250 3007 fossione
267 2947 479 3026 argueretur,
497 2961 598 3005 unum
614 2957 689 3004 esse
704 2937 755 3002 rei
769 2934 924 3023 publicae
938 2960 1059 3028 eorpus
1073 2949 1174 3032 etque

103 3041 207 3108 unius
238 3041 348 3109 animo
370 3041 560 3128 regendum.
608 3035 759 3108 Addidit
781 3037 913 3108 leudem
937 3039 979 3108 de
999 3044 1174 3133 Augusto,

169 3248 260 3302 c.12.
293 3249 328 3302 et
347 3263 400 3303 eoo
418 3249 536 3315 Lipsius.
559 3247 595 3299 et
614 3247 670 3298 MS·
694 3246 723 3298 et
739 3259 793 3298 eom
807 3246 833 3297 lo.
852 3259 877 3298 e.
898 3259 950 3302 eun
967 3261 1086 3314 quoqnee
1109 3263 1172 3305 nere

134 3317 220 3369 ceteri
240 3319 311 3370 setis
330 3319 382 3372 lum
400 3319 625 3382 oonleeeiereut,
642 3328 722 3366 onom
736 3329 798 3366 esse
810 3329 910 3381 eorpus
919 3332 929 3382 ς
950 3321 985 3370 ut
998 3333 1033 3370 ex
1046 3323 1171 3386 superlo-

134 3387 210 3438 uene
222 3387 306 3440 tuella
318 3389 480 3454 eogluuone
493 3387 588 3442 iterari
603 3387 701 3450 potest.

156 3573 311 3635 meret]
335 3572 359 3626 l.
376 3585 401 3626 o.
418 3573 545 3628 occulere
562 3583 614 3628 ro·
707 3565 738 3619 G.
752 3569 794 3620 ¹².
828 3569 1169 3637 quompurtem11txpll-

105 3637 187 3692 leiu,
656 3641 702 3687 cat
714 3635 764 3688 Dio
775 3637 862 3704 nvn,
876 3643 902 3690 2.
925 3639 1056 3708 uloerlue,
1073 3641 1169 3708 inquio,

156 3721 292 3792 emim]
326 3727 359 3779 ι,
382 3727 459 3780 ,m
482 3725 614 3792 Imm,
656 3711 714 3756 tres
734 3706 838 3758 leoeret
857 3709 925 3770 reip.
944 3715 1044 3771 portes.
1079 3709 1169 3764 Prima

213 3794 247 3845 ³7

104 3791 141 3840 et.
155 3791 197 3855 ll,
247 3827 255 3844 .
654 3775 766 3828 Romam
790 3783 818 3826 et
838 3777 944 3827 ltaliam
971 3777 1169 3858 complectere-

654 3849 713 3904 tur,
734 3845 823 3896 ultera
835 3843 987 3908 exereitus,
1009 3853 1090 3900 oerore
1102 3861 1168 3913 pro.

149 3879 612 3951 lMWIWfflSUffi-Mfflm·
655 3909 772 3961 vinulos.
811 3911 863 3960 Uni
883 3925 918 3962 ex
937 3911 1000 3964 totle
1019 3927 1112 3978 parurn
1133 3929 1166 3968 ee

100 3945 278 4002 tentorium
290 3953 380 4004 totius
393 3955 510 4019 imperti
522 3959 612 4008 voert.
655 3977 754 4031 mm,
777 3979 857 4029 qm.

99 4016 241 4084 ⁰¹⁰¹·Vle
258 4021 301 4071 ³³·
705 4045 766 4105 eeu]
794 4047 967 4115 Prooquo,
988 4055 1019 4100 ut
1037 4053 1104 4116 Agr.
1122 4052 1168 4107 30.

145 4106 503 4174 masculitanum.
655 4113 751 4180 famae
763 4113 905 4182 defendit.

96 4187 483 4262 emmeauoeuerme.
542 4209 544 4216 ·
938 4185 963 4250 2
