2814 4808
497 285 844 363 PRAEFATIO.
1146 311 1212 376 xnr

137 486 256 575 aperte
274 477 360 551 vitiu
381 475 582 548 adversante
600 478 722 570 optimi
744 475 871 548 codicis
892 465 1087 548 “dimonia
1110 474 1215 548 miin-

138 585 280 677 queloam
299 584 336 652 in
358 589 473 666 texto,
503 605 738 672 nonnunquam
760 584 930 675 poenitere
955 603 1047 650 meae
1068 605 1121 650 me
1144 581 1215 652 rso-¹

137 689 269 758 dutiae
295 688 424 777 eoepit,
461 687 552 775 qnod
580 685 804 778 a'pnrgando
833 693 926 754 texto
950 687 1118 756 abstinere
1143 706 1215 755 ma-

135 813 219 861 nnm
243 790 514 861 destinavissam.

243 922 285 993 ln
305 923 519 993 emendandis
540 925 626 994 locis
648 931 764 1015 aperte
782 925 952 1014 corruptis
966 869 1103 992 utentis
1118 926 1221 991 cauta

140 1049 294 1117 agerem,
325 1032 362 1096 in
389 1036 542 1096 naturam
566 1036 606 1095 nt
631 1027 680 1096 ita
706 1029 813 1096 dicam
836 1027 987 1097 codicum
1007 1027 1218 1096 Florentino-

140 1153 219 1198 rnm
243 1131 434 1200 accuratius
448 1133 620 1221 inquirere
640 1131 785 1204 institui.
826 1131 997 1222 inquinati
1012 1139 1092 1200 sunt
1106 1139 1140 1198 et
1151 1131 1219 1221 ipsi

140 1233 288 1304 Medicei
303 1235 486 1304 innumeris
503 1236 558 1303 sui
578 1241 721 1324 uterque
734 1237 868 1303 librarii
884 1237 994 1319 vitiis,
1026 1233 1087 1304 sed
1113 1257 1153 1301 ea
1177 1257 1221 1302 ex

142 1359 260 1408 errore
281 1339 430 1432 imperiti
451 1337 612 1420 hominio,
641 1339 860 1408 concutientis
881 1341 916 1408 in
936 1337 1095 1426 legendo,
1132 1339 1221 1408 osci-

143 1445 251 1513 tantia
279 1443 314 1512 in
345 1441 522 1512 scribendo
549 1448 628 1508 nata
652 1451 751 1526 sunt,
785 1466 851 1511 non
872 1467 911 1511 cx
932 1441 1050 1511 iraude
1073 1447 1109 1510 et
1128 1464 1223 1512 arro-

144 1549 260 1638 gantia
279 1547 379 1616 scioli
400 1559 437 1614 ct
459 1543 636 1614 emendare
657 1547 712 1614 vel
734 1546 909 1616 illustrare
928 1547 1092 1617 conantis.

249 1680 436 1772 Postquam
463 1703 606 1771 operosa
629 1704 710 1752 sane
737 1683 895 1752 vitiorum
920 1681 1162 1755 examinatione
1187 1685 1223 1751 ct

148 1786 397 1878 comparatione
420 1786 593 1869 intellexi,
625 1787 749 1876 quihus
777 1788 917 1856 maxime
941 1788 1094 1856 vitiorum
1123 1807 1224 1874 gene·

151 1889 253 1957 ribus
271 1890 483 1958 contaminati
502 1896 616 1958 essent
634 1888 765 1960 codices
779 1893 857 1974 isti,
877 1889 1146 1982 praemuniebam
1161 1889 1225 1958 mi-

152 1993 192 2061 lri
212 1992 297 2062 viam
316 1991 359 2059 ad
381 1994 560 2062 certiorem
575 1991 772 2064 emendandi
784 1999 964 2080 rationem,
984 1995 1079 2064 cuius
1094 1993 1225 2086 aliquot

151 2099 301 2190 aman
318 2095 428 2168 aaa.

251 2217 309 2287 Ac
327 2215 473 2308 primum
493 2209 628 2300 quida·
648 2214 849 2298 gausmaro
868 2215 1021 2286 foedatos
1040 2224 1076 2286 at
1093 2217 1226 2286 adulte-

150 2327 247 2391 ratus
273 2340 351 2389 ease
372 2315 488 2388 Taciti
511 2316 666 2386 Annales
691 2321 727 2381 et
752 2315 925 2386 Historias
952 2321 1087 2390 minime
1112 2319 1226 2398 credo.

150 2425 331 2496 Enimvero
351 2422 396 2492 ad
414 2423 477 2492 hoc
490 2417 696 2490 emendandi
718 2441 841 2507 genus,
861 2430 901 2490 nt
919 2424 1022 2492 rerba
1045 2423 1228 2514 displicen-

151 2530 203 2598 ua
226 2530 405 2612 elicerent,
433 2523 705 2616 promptissimos
727 2545 763 2590 se
783 2525 967 2614 praebuere
985 2527 1101 2596 'l'aciti
1119 2527 1228 2598 edite·

152 2653 231 2715 ree,
255 2653 399 2721 qnorum
421 2639 534 2700 tamen
552 2649 648 2696 nemo
670 2629 820 2698 atrocius
844 2631 965 2700 saeviit
991 2653 1091 2720 quam
1112 2653 1229 2702 nsan-

155 2736 311 2804 tissimns
332 2734 444 2804 editor
465 2730 665 2802 Franciscns
683 2730 850 2805 lticsarm.
894 2733 1006 2804 causa
1026 2734 1099 2800 eins
1120 2732 1229 2802 studii

154 2840 353 2930 plerumque
373 2840 442 2908 lnit
457 2859 562 2929 prave
579 2835 746 2904 hominnm
767 2835 811 2905 de
829 2837 1094 2925 breviloquentia
1114 2835 1231 2906 Taciti

155 2941 284 3030 opinio.
326 2940 406 3012 sua
424 2939 560 3032 qnidam
578 2939 774 3026 sagacitatis
787 2939 927 3027 gloriam
941 2941 1003 3010 lrac
1017 2943 1230 3033 potissimum

156 3045 215 3116 via
241 3045 379 3133 quaem,
408 3045 441 3113 ci
468 3065 552 3132 qnae
580 3043 690 3110 minus
713 3045 834 3133 peritis
858 3047 984 3117 nullam
1006 3047 1231 3138 suspicionem

156 3155 333 3231 morcant,
363 3155 520 3236 tanquam
552 3147 666 3216 divino
688 3147 848 3216 insdnctn
873 3149 1027 3220 adultera
1050 3168 1233 3239 quoscun-

156 3262 229 3327 tur.
280 3251 338 3322 lle
366 3259 478 3322 autem
507 3249 621 3320 nescio
640 3271 726 3339 qnae
743 3252 862 3340 religio
881 3251 1049 3338 deterret,
1080 3277 1123 3324 ne
1145 3257 1233 3328 nei.

157 3358 239 3428 dem
253 3377 339 3446 quas
354 3363 526 3444 nuncque
546 3356 687 3424 tolerari
704 3357 854 3447 possint,
880 3379 1120 3450 necunquam,
1141 3362 1233 3452 qnod

159 3461 287 3543 sdan,
313 3465 430 3551 aperte
459 3458 596 3526 illorum
624 3456 826 3526 medicorum
848 3459 984 3532 iudiciis
1005 3463 1234 3552 adstipulatus

162 3585 256 3649 snm,
281 3585 384 3656 saepe
402 3569 445 3631 nt
461 3563 582 3630 nimias
606 3561 765 3632 andaciae
785 3563 921 3634 silentio
943 3567 1134 3653 memmisi,
1158 3591 1235 3642 sao-

164 3668 242 3758 pius
263 3665 391 3738 d‘merts
410 3667 569 3737 ranam

264 3783 316 3854 lla
338 3787 501 3878 exempla.
544 3782 691 3853 Delendi
709 3785 802 3858 Anu.
814 3783 853 3873 1,
872 3789 906 3859 l.
926 3793 1056 3859 enum
1075 3789 1237 3866 adversus

160 3887 205 3962 F.
224 3889 277 3962 A.
291 3889 472 3960 Wollium.
521 3887 559 3971 l,
581 3893 637 3960 lo.
663 3889 705 3972 Q.
731 3889 852 3957 Taedia·
870 3891 1032 3962 adversus
1052 3895 1237 3972 Ritternm.

161 3991 201 4076 Ι,
219 3995 280 4066 35.
301 3997 462 4080 meren
476 3993 580 4061 tacite
595 3991 756 4062 adserens
770 3993 958 4067 Heinsinm.
1000 3997 1036 4083 l,
1055 4003 1112 4075 fl.
1136 4025 1179 4071 cc
1196 4022 1238 4070 se

160 4103 334 4186 postponat
353 4099 546 4168 amita
566 4101 815 4168 mandamur
827 4101 930 4172 tacite
947 4101 1110 4178 adsersus
1125 4105 1238 4178 Rttta·
