2814 4808
201 254 248 322 24
583 243 893 318 Aureolum

158 451 198 508 se
205 437 355 510 relhulo
369 435 512 507 saroinis
529 445 672 524 meant
690 443 859 524 aguntque
872 432 980 524 primo
995 431 1031 500 in
1044 432 1192 522 agmins,
1213 444 1276 524 per

204 540 389 610 ludibrium
405 541 611 628 rogitantes,
635 564 677 610 an
690 549 758 607 mm
775 539 935 606 immenso
949 557 1070 620 onero,
1090 545 1160 606 lam
1173 539 1276 625 longo

205 643 326 712 itinere
343 643 487 712 libenter
505 637 636 714 lerretl
683 641 816 732 Quippe
836 640 945 708 liuius
965 639 1024 708 diu
1044 641 1275 732 monipule'ris,

206 743 284 814 dein
305 748 473 830 oentorio,
500 770 576 814 mox
589 743 711 812 uestris
724 743 934 833 praefectus,
955 743 1124 831 antiquom
1141 743 1276 812 dorum-

208 871 273 938 que
291 849 447 920 militiem
465 848 658 928 resonabat,
683 854 779 914 vetus
795 847 915 936 operis
934 867 974 913 se
995 845 1140 928 laboris,
1173 852 1209 914 et
1233 865 1275 912 eo

207 951 371 1019 immitior
389 954 467 1040 quie
489 954 702 1021 toleraverat.
744 953 800 1018 21.
824 947 954 1018 Horum
971 949 1115 1018 adventu
1130 947 1277 1018 redidte-

208 1060 329 1142 grator
346 1055 486 1137 seditio,
511 1059 547 1121 et
559 1052 634 1141 rogi
651 1051 862 1121 oireumieete
876 1053 1134 1144 populabantur.
1176 1052 1278 1120 Blae-

208 1180 269 1228 sos
290 1181 415 1251 poooos
432 1157 573 1224 menime
590 1153 716 1246 proedo
739 1163 877 1224 onustos
899 1156 943 1224 ad
963 1163 1126 1226 terrorem
1150 1165 1278 1223 oetero-

209 1283 284 1332 rum
310 1261 400 1330 aflei
422 1258 632 1342 serbefihos,
657 1257 923 1350 ulaudiloaroere
940 1259 1051 1329 iubet:
1080 1280 1155 1328 uam
1175 1259 1277 1327 etiam

208 1375 281 1434 tom
301 1366 415 1451 legato
436 1361 724 1429 soentnrioniirus
744 1369 780 1431 et
799 1364 925 1453 optimo
944 1385 1077 1454 qnoque
1094 1363 1281 1454 manipule-

209 1468 297 1537 rium
322 1465 514 1557 porebatur.
564 1463 623 1534 Ilii
645 1463 751 1534 obniti
773 1465 1003 1547 malentibus,
1032 1487 1192 1557 prensare
1211 1465 1279 1532 eir·

209 1569 446 1642 oomstontium
458 1588 581 1656 genua,
600 1567 689 1638 oiere
704 1568 801 1638 modo
817 1567 950 1638 nomino
962 1569 1188 1658 singulorum,
1207 1577 1278 1634 ino·

211 1675 255 1745 do
270 1674 453 1743 tentorium
467 1673 625 1762 quisque,
646 1670 742 1739 euius
755 1673 973 1761 manipulos-is
987 1677 1078 1753 erat,
1097 1671 1279 1752 eohortem,

209 1777 390 1864 legionem,
416 1773 531 1844 eadem
551 1773 704 1844 omnibus
722 1776 895 1843 imminere
909 1759 1129 1846 elamitantes.
1169 1773 1281 1844 Simul

212 1881 335 1971 probra
349 1880 385 1948 in
398 1880 545 1972 legatum
561 1879 750 1960 cumulant,
771 1880 899 1946 eoelum
911 1901 950 1947 ao
963 1877 1043 1948 deos
1059 1877 1281 1961 obtestantur,

212 1983 298 2052 nihil
313 1983 438 2072 reliqui
459 1983 586 2051 fatiunt
604 2003 671 2070 quo
683 1981 793 2050 minos
805 1979 985 2061 invidiam,
1006 1981 1282 2064 misericordium,

212 2092 337 2156 metum
352 2096 387 2156 et
399 2087 470 2156 iros
482 2089 725 2176 permoverent.
767 2083 974 2154 Aoourritur
987 2077 1029 2152 ab
1043 2085 1226 2167 universis,
1246 2091 1283 2152 et

214 2211 347 2258 eoreere
367 2189 502 2258 effracto
522 2189 657 2256 solvunt
675 2187 826 2269 vinonio,
848 2187 1102 2276 desertoresque
1115 2209 1153 2254 oo
1167 2189 1281 2254 rerum

214 2293 407 2382 capitalium
424 2291 598 2360 damnatos
612 2289 678 2358 silei
697 2291 763 2358 iam
783 2290 935 2361 rnisoent.
986 2293 1043 2362 22.
1069 2289 1285 2378 Flagrantior

215 2393 293 2462 indo
314 2396 383 2476 eie,
411 2397 527 2486 plures
548 2392 708 2463 seditioni
728 2391 842 2463 doees.
881 2391 928 2460 lit
939 2393 1129 2462 Vibulenus
1148 2393 1283 2478 quddam

215 2500 390 2587 gregarius
402 2499 497 2566 miles
511 2505 588 2564 aute
603 2497 753 2566 tribunal
761 2493 879 2566 Blaesi
891 2497 1055 2566 allevatus
1068 2499 1286 2567 oiroumetsn-

214 2603 299 2670 tium
326 2601 491 2682 humeris,
520 2596 609 2688 opud
629 2601 784 2668 turbatos
806 2606 843 2668 et
865 2597 947 2688 qnid
967 2607 1105 2689 peraret
1126 2603 1286 2685 intentos,

215 2728 273 2776 vos
287 2704 438 2795 quidem,
456 2703 584 2791 inquit,
604 2702 656 2770 his
670 2701 901 2772 inoooeutilrus
916 2709 951 2770 et
964 2703 1162 2772 miserrimis
1177 2707 1286 2774 inoem

215 2819 252 2876 ot
272 2807 430 2898 spiritum
451 2805 670 2876 reddidistis:
697 2805 758 2875 sed
773 2807 851 2895 quis
864 2805 966 2872 tratri
980 2827 1052 2872 meo
1068 2807 1188 2890 ritem,
1208 2810 1287 2897 quis

216 2911 355 2980 lrutrem
374 2909 456 2979 milri
477 2904 612 2978 redditi
641 2931 738 2998 quem
758 2913 899 2980 missum
914 2905 957 2978 ad
974 2931 1033 2980 vos
1049 2931 1069 2978 a
1088 2909 1287 2982 Germanico

218 3011 365 3078 exercitu
386 3009 428 3078 de
447 3011 679 3080 communibus
699 3012 882 3082 eommodis
904 3021 1001 3082 noete
1019 3017 1171 3104 proxime
1192 3017 1290 3102 iugu-

218 3115 302 3184 lavit
313 3134 374 3204 per
386 3114 592 3202 gladiatores
607 3134 707 3198 suos,
728 3135 815 3202 qnos
829 3115 866 3181 in
878 3115 1016 3182 exitium
1028 3117 1173 3184 rnilitum
1188 3117 1290 3184 habet

218 3227 321 3308 atque
336 3225 456 3288 ermol,
500 3215 699 3307 Responde,
718 3216 859 3298 Blaeso,
877 3216 937 3284 obi
950 3217 1091 3286 eoduver
1105 3212 1291 3288 obieceris?

286 3377 371 3428 estu
384 3366 486 3438 operto
505 3372 633 3439 Lipsius,
658 3373 759 3438 novt,
780 3375 823 3423 te.
845 3371 983 3426 sdeuttoe
997 3371 1292 3444 caerimoniarumque

253 3447 356 3506 setus,
376 3450 405 3490 et
415 3439 460 3491 44.
482 3445 566 3492 estus
578 3441 729 3508 sequendi.
753 3441 824 3491 illst.
837 3441 887 3506 lv,
900 3445 943 3494 20.
966 3445 1021 3493 lte.
1034 3443 1122 3494 lastae.
1145 3447 1233 3510 Morg.
1245 3447 1293 3498 tas·

253 3515 358 3574 metes,
374 3515 405 3560 ot
417 3508 465 3557 sti.
474 3508 508 3557 tt.
522 3511 575 3576 ιιι,
588 3515 650 3562 see.
667 3511 809 3563 camales·
822 3509 976 3579 tteootoquo
988 3514 1141 3578 eoumque
1158 3515 1292 3584 {amte-

256 3592 323 3650 qoe
339 3575 525 3628 tooietsses
547 3580 728 3641 probabiliter.
752 3579 845 3632 Dorou.

290 3647 321 3699 c.
334 3649 376 3698 22.
400 3645 539 3697 οῠίοοοοίο
551 3649 673 3698 Remoto.
691 3647 735 3698 oui
747 3647 794 3698 ubi
806 3655 987 3713 praegnantes
999 3649 1160 3718 copulatum,
1176 3661 1206 3704 uo
1219 3654 1291 3706 Soet

257 3717 321 3767 lter.
340 3713 384 3766 48.
409 3715 518 3766 nessus·
537 3713 569 3765 to
586 3715 636 3766 oie
655 3717 807 3768 cadaveris
826 3717 845 3767 i.
865 3730 890 3766 e.
909 3717 1007 3768 obiecti
1027 3717 1055 3768 ln
1069 3717 1140 3769 viem
1153 3722 1181 3772 in
1194 3723 1294 3786 viaque

256 3783 388 3852 incentis,
405 3783 451 3834 rel
465 3783 545 3834 Gelo.
557 3783 601 3836 20.
625 3785 736 3834 Attis.
753 3785 903 3854 otteqerta.
930 3785 1073 3848 Suspicor:
1093 3787 1236 3859 olleports
1247 3793 1294 3842 vei

258 3853 454 3920 obloquereris,
477 3851 609 3917 siquidem
629 3855 763 3920 relepore
781 3857 879 3908 eutem
899 3865 935 3907 oo
953 3855 1087 3924 deleporo
1112 3860 1146 3912 do
1168 3857 1294 3912 inanimis

274 4004 307 4058 c.
317 4009 361 4058 21.
384 4009 604 4072 permoverent]
621 4008 662 4060 De
673 4007 740 4062 effe·
832 4007 864 4059 c.
873 4013 916 4060 22.
940 4013 1144 4076 ommatius]
1161 4011 1294 4064 Pannoni-

225 4085 270 4130 eto
284 4076 359 4144 ipso,
376 4083 407 4129 oo
419 4077 478 4146 111,
495 4081 538 4131 es
561 4077 647 4145 xvi,
663 4081 707 4130 22.
783 4079 1022 4136 coeteermonioo
1035 4081 1173 4135 exercunt
1189 4083 1295 4136 wonr.
