<?xml version="1.0" encoding="UTF-8"?>
<!DOCTYPE html PUBLIC "-//W3C//DTD XHTML 1.0 Transitional//EN"
    "http://www.w3.org/TR/xhtml1/DTD/xhtml1-transitional.dtd">
<html xmlns="http://www.w3.org/1999/xhtml" xml:lang="en" lang="en">
 <head>
  <title>
</title>
<meta http-equiv="Content-Type" content="text/html;charset=utf-8" />
  <meta name='ocr-system' content='tesseract 3.04.00' />
  <meta name='ocr-capabilities' content='ocr_page ocr_carea ocr_par ocr_line ocrx_word'/>
</head>
<body>
  <div class='ocr_page' id='page_1' title='image "./ccorneliitaciti22tacigoog_0334.png"; bbox 0 0 2862 4810; ppageno 0'>
   <div class='ocr_carea' id='block_1_1' title="bbox 208 219 904 322">
    <p class='ocr_par' dir='ltr' id='par_1_1' title="bbox 208 219 904 322">
     <span class='ocr_line' id='line_1_1' title="bbox 208 219 904 322; baseline -0.006 -28"><span class='ocrx_word' id='word_1_1' title='bbox 208 224 276 294; x_wconf 81' lang='lat' dir='ltr'><strong>arr</strong></span> <span class='ocrx_word' id='word_1_2' title='bbox 330 315 333 322; x_wconf 23' lang='grc' dir='ltr'>Ι</span> <span class='ocrx_word' id='word_1_3' title='bbox 588 219 904 292; x_wconf 76' lang='lat' dir='ltr'><strong>nuunnrun</strong></span> 
     </span>
    </p>
   </div>
   <div class='ocr_carea' id='block_1_2' title="bbox 162 405 1296 3081">
    <p class='ocr_par' dir='ltr' id='par_1_2' title="bbox 162 405 1296 3081">
     <span class='ocr_line' id='line_1_2' title="bbox 162 405 1288 500; baseline -0.012 -16"><span class='ocrx_word' id='word_1_4' title='bbox 162 407 363 484; x_wconf 63' lang='lat' dir='ltr'><strong>tzimbntu&#39;e</strong></span> <span class='ocrx_word' id='word_1_5' title='bbox 387 410 462 500; x_wconf 86' lang='lat' dir='ltr'><strong>pori</strong></span> <span class='ocrx_word' id='word_1_6' title='bbox 488 411 528 480; x_wconf 88' lang='lat' dir='ltr'><strong>in</strong></span> <span class='ocrx_word' id='word_1_7' title='bbox 550 427 665 478; x_wconf 81' lang='lat' dir='ltr'><strong>oroneo</strong></span> <span class='ocrx_word' id='word_1_8' title='bbox 689 405 802 476; x_wconf 78' lang='lat' dir='ltr'><strong>studio</strong></span> <span class='ocrx_word' id='word_1_9' title='bbox 824 415 957 496; x_wconf 72' lang='lat' dir='ltr'><strong>ageret:</strong></span> <span class='ocrx_word' id='word_1_10' title='bbox 993 405 1178 489; x_wconf 73' lang='lat' dir='ltr'><strong>oekbrori,</strong></span> <span class='ocrx_word' id='word_1_11' title='bbox 1206 405 1288 487; x_wconf 87' lang='lat' dir='ltr'><strong>eoli,</strong></span> 
     </span>
     <span class='ocr_line' id='line_1_3' title="bbox 213 509 1289 606; baseline -0.007 -23"><span class='ocrx_word' id='word_1_12' title='bbox 213 515 312 583; x_wconf 78' lang='lat' dir='ltr'><strong>morlo</strong></span> <span class='ocrx_word' id='word_1_13' title='bbox 326 511 515 606; x_wconf 75' lang='lat' dir='ltr'><strong>comitatem</strong></span> <span class='ocrx_word' id='word_1_14' title='bbox 537 523 574 580; x_wconf 90' lang='lat' dir='ltr'><strong>et</strong></span> <span class='ocrx_word' id='word_1_15' title='bbox 594 513 851 604; x_wconf 76' lang='lat' dir='ltr'><strong>temperantium</strong></span> <span class='ocrx_word' id='word_1_16' title='bbox 868 511 952 580; x_wconf 91' lang='lat' dir='ltr'><strong>nulli</strong></span> <span class='ocrx_word' id='word_1_17' title='bbox 966 511 1125 592; x_wconf 71' lang='lat' dir='ltr'><strong>invisam,</strong></span> <span class='ocrx_word' id='word_1_18' title='bbox 1148 509 1289 598; x_wconf 76' lang='lat' dir='ltr'><strong>saepius</strong></span> 
     </span>
     <span class='ocr_line' id='line_1_4' title="bbox 212 610 1289 704; baseline -0.009 -17"><span class='ocrx_word' id='word_1_19' title='bbox 212 617 423 686; x_wconf 75' lang='lat' dir='ltr'><strong>vinolentiam</strong></span> <span class='ocrx_word' id='word_1_20' title='bbox 440 637 477 681; x_wconf 87' lang='lat' dir='ltr'><strong>ao</strong></span> <span class='ocrx_word' id='word_1_21' title='bbox 489 614 658 696; x_wconf 80' lang='lat' dir='ltr'><strong>libidines,</strong></span> <span class='ocrx_word' id='word_1_22' title='bbox 679 624 776 702; x_wconf 76' lang='lat' dir='ltr'><strong>grata</strong></span> <span class='ocrx_word' id='word_1_23' title='bbox 790 615 956 696; x_wconf 81' lang='lat' dir='ltr'><strong>barbaris,</strong></span> <span class='ocrx_word' id='word_1_24' title='bbox 976 633 1155 704; x_wconf 83' lang='lat' dir='ltr'><strong>usurpans.</strong></span> <span class='ocrx_word' id='word_1_25' title='bbox 1197 610 1289 678; x_wconf 76' lang='lat' dir='ltr'><strong>len-</strong></span> 
     </span>
     <span class='ocr_line' id='line_1_5' title="bbox 212 719 1289 812; baseline -0.007 -24"><span class='ocrx_word' id='word_1_26' title='bbox 212 741 278 812; x_wconf 84' lang='lat' dir='ltr'><strong>que</strong></span> <span class='ocrx_word' id='word_1_27' title='bbox 299 719 388 810; x_wconf 78' lang='lat' dir='ltr'><strong>oputl</strong></span> <span class='ocrx_word' id='word_1_28' title='bbox 409 720 596 808; x_wconf 76' lang='lat' dir='ltr'><strong>proximos,</strong></span> <span class='ocrx_word' id='word_1_29' title='bbox 625 722 690 787; x_wconf 78' lang='lat' dir='ltr'><strong>iam</strong></span> <span class='ocrx_word' id='word_1_30' title='bbox 705 719 838 805; x_wconf 72' lang='lat' dir='ltr'><strong>longius</strong></span> <span class='ocrx_word' id='word_1_31' title='bbox 852 720 1055 798; x_wconf 85' lang='lat' dir='ltr'><strong>olareaoere,</strong></span> <span class='ocrx_word' id='word_1_32' title='bbox 1075 737 1149 782; x_wconf 83' lang='lat' dir='ltr'><strong>oum</strong></span> <span class='ocrx_word' id='word_1_33' title='bbox 1169 722 1289 804; x_wconf 81' lang='lat' dir='ltr'><strong>poteo-</strong></span> 
     </span>
     <span class='ocr_line' id='line_1_6' title="bbox 212 817 1289 913; baseline -0.008 -21"><span class='ocrx_word' id='word_1_34' title='bbox 212 825 295 892; x_wconf 88' lang='lat' dir='ltr'><strong>tiam</strong></span> <span class='ocrx_word' id='word_1_35' title='bbox 310 828 384 891; x_wconf 88' lang='lat' dir='ltr'><strong>eine</strong></span> <span class='ocrx_word' id='word_1_36' title='bbox 401 831 653 913; x_wconf 69' lang='lat' dir='ltr'><strong>suspectantes,</strong></span> <span class='ocrx_word' id='word_1_37' title='bbox 671 823 732 911; x_wconf 82' lang='lat' dir='ltr'><strong>qni</strong></span> <span class='ocrx_word' id='word_1_38' title='bbox 743 821 943 890; x_wconf 82' lang='lat' dir='ltr'><strong>laetioribus</strong></span> <span class='ocrx_word' id='word_1_39' title='bbox 955 819 1156 900; x_wconf 84' lang='lat' dir='ltr'><strong>floruerant,</strong></span> <span class='ocrx_word' id='word_1_40' title='bbox 1178 817 1289 884; x_wconf 81' lang='lat' dir='ltr'><strong>‹liere-</strong></span> 
     </span>
     <span class='ocr_line' id='line_1_7' title="bbox 215 921 1289 1016; baseline -0.007 -22"><span class='ocrx_word' id='word_1_41' title='bbox 215 927 299 994; x_wconf 82' lang='lat' dir='ltr'><strong>‹lunt</strong></span> <span class='ocrx_word' id='word_1_42' title='bbox 317 926 359 994; x_wconf 78' lang='lat' dir='ltr'><strong>ad</strong></span> <span class='ocrx_word' id='word_1_43' title='bbox 378 927 602 993; x_wconf 85' lang='lat' dir='ltr'><strong>nonterminos</strong></span> <span class='ocrx_word' id='word_1_44' title='bbox 623 928 785 1016; x_wconf 82' lang='lat' dir='ltr'><strong>populos,</strong></span> <span class='ocrx_word' id='word_1_45' title='bbox 814 947 853 992; x_wconf 87' lang='lat' dir='ltr'><strong>eo</strong></span> <span class='ocrx_word' id='word_1_46' title='bbox 877 923 1102 992; x_wconf 85' lang='lat' dir='ltr'><strong>teetilieontur</strong></span> <span class='ocrx_word' id='word_1_47' title='bbox 1115 921 1219 990; x_wconf 73' lang='lat' dir='ltr'><strong>aloni</strong></span> <span class='ocrx_word' id='word_1_48' title='bbox 1232 943 1289 988; x_wconf 82' lang='lat' dir='ltr'><strong>re-</strong></span> 
     </span>
     <span class='ocr_line' id='line_1_8' title="bbox 213 1027 1290 1114; baseline -0.004 -14"><span class='ocrx_word' id='word_1_49' title='bbox 213 1039 319 1100; x_wconf 88' lang='lat' dir='ltr'><strong>torem</strong></span> <span class='ocrx_word' id='word_1_50' title='bbox 345 1029 542 1100; x_wconf 76' lang='lat' dir='ltr'><strong>Germaniae</strong></span> <span class='ocrx_word' id='word_1_51' title='bbox 561 1029 754 1097; x_wconf 86' lang='lat' dir='ltr'><strong>libertatern</strong></span> <span class='ocrx_word' id='word_1_52' title='bbox 776 1039 812 1097; x_wconf 90' lang='lat' dir='ltr'><strong>et</strong></span> <span class='ocrx_word' id='word_1_53' title='bbox 825 1027 993 1096; x_wconf 78' lang='lat' dir='ltr'><strong>Romanae</strong></span> <span class='ocrx_word' id='word_1_54' title='bbox 1007 1045 1089 1114; x_wconf 82' lang='lat' dir='ltr'><strong>open</strong></span> <span class='ocrx_word' id='word_1_55' title='bbox 1101 1027 1290 1110; x_wconf 69' lang='lat' dir='ltr'><strong>insurgere·</strong></span> 
     </span>
     <span class='ocr_line' id='line_1_9' title="bbox 215 1128 1290 1218; baseline -0.011 -14"><span class='ocrx_word' id='word_1_56' title='bbox 215 1133 317 1204; x_wconf 81' lang='lat' dir='ltr'><strong>Adeo</strong></span> <span class='ocrx_word' id='word_1_57' title='bbox 331 1133 492 1200; x_wconf 85' lang='lat' dir='ltr'><strong>neminem</strong></span> <span class='ocrx_word' id='word_1_58' title='bbox 507 1131 613 1200; x_wconf 84' lang='lat' dir='ltr'><strong>isdem</strong></span> <span class='ocrx_word' id='word_1_59' title='bbox 629 1133 781 1200; x_wconf 86' lang='lat' dir='ltr'><strong>interris</strong></span> <span class='ocrx_word' id='word_1_60' title='bbox 802 1141 912 1200; x_wconf 87' lang='lat' dir='ltr'><strong>ortorn</strong></span> <span class='ocrx_word' id='word_1_61' title='bbox 919 1175 932 1209; x_wconf 91' lang='lat'><strong>,</strong></span> <span class='ocrx_word' id='word_1_62' title='bbox 960 1131 1019 1218; x_wconf 86' lang='lat' dir='ltr'><strong>qui</strong></span> <span class='ocrx_word' id='word_1_63' title='bbox 1039 1129 1221 1218; x_wconf 89' lang='lat' dir='ltr'><strong>prinoipem</strong></span> <span class='ocrx_word' id='word_1_64' title='bbox 1237 1128 1290 1192; x_wconf 88' lang='lat' dir='ltr'><strong>lo·</strong></span> 
     </span>
     <span class='ocr_line' id='line_1_10' title="bbox 215 1233 1291 1325; baseline -0.008 -21"><span class='ocrx_word' id='word_1_65' title='bbox 215 1257 292 1304; x_wconf 87' lang='lat' dir='ltr'><strong>eum</strong></span> <span class='ocrx_word' id='word_1_66' title='bbox 320 1237 478 1325; x_wconf 88' lang='lat' dir='ltr'><strong>impleat,</strong></span> <span class='ocrx_word' id='word_1_67' title='bbox 511 1237 579 1304; x_wconf 87' lang='lat' dir='ltr'><strong>nisi</strong></span> <span class='ocrx_word' id='word_1_68' title='bbox 604 1237 828 1325; x_wconf 71' lang='lat' dir='ltr'><strong>exploratoris</strong></span> <span class='ocrx_word' id='word_1_69' title='bbox 856 1234 953 1302; x_wconf 83' lang='lat' dir='ltr'><strong>Flavi</strong></span> <span class='ocrx_word' id='word_1_70' title='bbox 980 1233 1155 1323; x_wconf 73' lang='lat' dir='ltr'><strong>progenies</strong></span> <span class='ocrx_word' id='word_1_71' title='bbox 1184 1251 1291 1318; x_wconf 82' lang='lat' dir='ltr'><strong>supra</strong></span> 
     </span>
     <span class='ocr_line' id='line_1_11' title="bbox 216 1333 1292 1426; baseline -0.006 -18"><span class='ocrx_word' id='word_1_72' title='bbox 216 1347 355 1408; x_wconf 85' lang='lat' dir='ltr'><strong>ounotos</strong></span> <span class='ocrx_word' id='word_1_73' title='bbox 372 1333 577 1408; x_wconf 70' lang='lat' dir='ltr'><strong>attollatur?</strong></span> <span class='ocrx_word' id='word_1_74' title='bbox 604 1337 748 1408; x_wconf 81' lang='lat' dir='ltr'><strong>Frustra</strong></span> <span class='ocrx_word' id='word_1_75' title='bbox 764 1338 956 1406; x_wconf 85' lang='lat' dir='ltr'><strong>Arminium</strong></span> <span class='ocrx_word' id='word_1_76' title='bbox 970 1335 1172 1426; x_wconf 74' lang='lat' dir='ltr'><strong>praeseribit</strong></span> <span class='ocrx_word' id='word_1_77' title='bbox 1193 1335 1292 1402; x_wconf 88' lang='lat' dir='ltr'><strong>ouiue</strong></span> 
     </span>
     <span class='ocr_line' id='line_1_12' title="bbox 216 1440 1290 1528; baseline -0.006 -18"><span class='ocrx_word' id='word_1_78' title='bbox 216 1441 248 1510; x_wconf 89' lang='lat' dir='ltr'><strong>si</strong></span> <span class='ocrx_word' id='word_1_79' title='bbox 265 1440 359 1510; x_wconf 87' lang='lat' dir='ltr'><strong>lilius</strong></span> <span class='ocrx_word' id='word_1_80' title='bbox 371 1442 489 1510; x_wconf 86' lang='lat' dir='ltr'><strong>hostili</strong></span> <span class='ocrx_word' id='word_1_81' title='bbox 503 1445 537 1512; x_wconf 90' lang='lat' dir='ltr'><strong>in</strong></span> <span class='ocrx_word' id='word_1_82' title='bbox 552 1445 625 1512; x_wconf 86' lang='lat' dir='ltr'><strong>solo</strong></span> <span class='ocrx_word' id='word_1_83' title='bbox 642 1443 779 1510; x_wconf 81' lang='lat' dir='ltr'><strong>adultus</strong></span> <span class='ocrx_word' id='word_1_84' title='bbox 792 1443 827 1508; x_wconf 92' lang='lat' dir='ltr'><strong>in</strong></span> <span class='ocrx_word' id='word_1_85' title='bbox 843 1463 980 1528; x_wconf 79' lang='lat' dir='ltr'><strong>regnum</strong></span> <span class='ocrx_word' id='word_1_86' title='bbox 998 1443 1163 1520; x_wconf 74' lang='lat' dir='ltr'><strong>reoismt,</strong></span> <span class='ocrx_word' id='word_1_87' title='bbox 1188 1459 1290 1526; x_wconf 87' lang='lat' dir='ltr'><strong>posse</strong></span> 
     </span>
     <span class='ocr_line' id='line_1_13' title="bbox 217 1541 1290 1628; baseline -0.004 -16"><span class='ocrx_word' id='word_1_88' title='bbox 217 1544 407 1628; x_wconf 83' lang='lat' dir='ltr'><strong>extimeeei,</strong></span> <span class='ocrx_word' id='word_1_89' title='bbox 435 1547 593 1614; x_wconf 80' lang='lat' dir='ltr'><strong>intectum</strong></span> <span class='ocrx_word' id='word_1_90' title='bbox 616 1547 793 1627; x_wconf 84' lang='lat' dir='ltr'><strong>alimonio,</strong></span> <span class='ocrx_word' id='word_1_91' title='bbox 821 1546 977 1627; x_wconf 74' lang='lat' dir='ltr'><strong>servitio,</strong></span> <span class='ocrx_word' id='word_1_92' title='bbox 1004 1547 1115 1624; x_wconf 87' lang='lat' dir='ltr'><strong>enltu,</strong></span> <span class='ocrx_word' id='word_1_93' title='bbox 1136 1541 1290 1611; x_wconf 80' lang='lat' dir='ltr'><strong>omnibus</strong></span> 
     </span>
     <span class='ocr_line' id='line_1_14' title="bbox 218 1644 1292 1736; baseline -0.007 -21"><span class='ocrx_word' id='word_1_94' title='bbox 218 1650 377 1720; x_wconf 82' lang='lat' dir='ltr'><strong>externis.</strong></span> <span class='ocrx_word' id='word_1_95' title='bbox 413 1649 466 1718; x_wconf 84' lang='lat' dir='ltr'><strong>At</strong></span> <span class='ocrx_word' id='word_1_96' title='bbox 480 1649 511 1716; x_wconf 93' lang='lat' dir='ltr'><strong>si</strong></span> <span class='ocrx_word' id='word_1_97' title='bbox 525 1657 663 1736; x_wconf 87' lang='lat' dir='ltr'><strong>paterno</strong></span> <span class='ocrx_word' id='word_1_98' title='bbox 676 1648 903 1721; x_wconf 77' lang='lat' dir='ltr'><strong>losummme</strong></span> <span class='ocrx_word' id='word_1_99' title='bbox 917 1653 1026 1730; x_wconf 82' lang='lat' dir='ltr'><strong>esset,</strong></span> <span class='ocrx_word' id='word_1_100' title='bbox 1042 1683 1086 1700; x_wconf 88' lang='lat'><em>-</em></span> <span class='ocrx_word' id='word_1_101' title='bbox 1107 1667 1172 1712; x_wconf 89' lang='lat' dir='ltr'><strong>nan</strong></span> <span class='ocrx_word' id='word_1_102' title='bbox 1186 1644 1292 1730; x_wconf 70' lang='lat' dir='ltr'><strong>aliurn</strong></span> 
     </span>
     <span class='ocr_line' id='line_1_15' title="bbox 218 1750 1292 1842; baseline -0.005 -24"><span class='ocrx_word' id='word_1_103' title='bbox 218 1751 381 1821; x_wconf 80' lang='lat' dir='ltr'><strong>infensius</strong></span> <span class='ocrx_word' id='word_1_104' title='bbox 402 1775 494 1820; x_wconf 82' lang='lat' dir='ltr'><strong>arona</strong></span> <span class='ocrx_word' id='word_1_105' title='bbox 514 1760 629 1819; x_wconf 84' lang='lat' dir='ltr'><strong>eontra</strong></span> <span class='ocrx_word' id='word_1_106' title='bbox 650 1753 794 1841; x_wconf 86' lang='lat' dir='ltr'><strong>patriam</strong></span> <span class='ocrx_word' id='word_1_107' title='bbox 815 1775 854 1817; x_wconf 87' lang='lat' dir='ltr'><strong>oo</strong></span> <span class='ocrx_word' id='word_1_108' title='bbox 867 1750 948 1818; x_wconf 87' lang='lat' dir='ltr'><strong>deos</strong></span> <span class='ocrx_word' id='word_1_109' title='bbox 961 1760 1099 1842; x_wconf 83' lang='lat' dir='ltr'><strong>penates</strong></span> <span class='ocrx_word' id='word_1_110' title='bbox 1114 1769 1214 1837; x_wconf 76' lang='lat' dir='ltr'><strong>quern</strong></span> <span class='ocrx_word' id='word_1_111' title='bbox 1229 1769 1292 1838; x_wconf 87' lang='lat' dir='ltr'><strong>pa-</strong></span> 
     </span>
     <span class='ocr_line' id='line_1_16' title="bbox 219 1853 1292 1942; baseline -0.004 -20"><span class='ocrx_word' id='word_1_112' title='bbox 219 1861 347 1922; x_wconf 88' lang='lat' dir='ltr'><strong>rentem</strong></span> <span class='ocrx_word' id='word_1_113' title='bbox 369 1853 442 1922; x_wconf 87' lang='lat' dir='ltr'><strong>elue</strong></span> <span class='ocrx_word' id='word_1_114' title='bbox 461 1855 662 1922; x_wconf 85' lang='lat' dir='ltr'><strong>exerooisse.</strong></span> <span class='ocrx_word' id='word_1_115' title='bbox 713 1859 766 1924; x_wconf 78' lang='lat'><strong>1⁷.</strong></span> <span class='ocrx_word' id='word_1_116' title='bbox 800 1853 866 1922; x_wconf 84' lang='lat' dir='ltr'><strong>llis</strong></span> <span class='ocrx_word' id='word_1_117' title='bbox 889 1865 988 1942; x_wconf 83' lang='lat' dir='ltr'><strong>atque</strong></span> <span class='ocrx_word' id='word_1_118' title='bbox 1007 1855 1292 1938; x_wconf 76' lang='lat' dir='ltr'><strong>telilouemagoae</strong></span> 
     </span>
     <span class='ocr_line' id='line_1_17' title="bbox 219 1956 1292 2046; baseline -0.002 -22"><span class='ocrx_word' id='word_1_119' title='bbox 219 1957 335 2044; x_wconf 85' lang='lat' dir='ltr'><strong>oopiea</strong></span> <span class='ocrx_word' id='word_1_120' title='bbox 366 1977 514 2044; x_wconf 80' lang='lat' dir='ltr'><strong>anegare.</strong></span> <span class='ocrx_word' id='word_1_121' title='bbox 570 1956 643 2030; x_wconf 83' lang='lat' dir='ltr'><strong>Neo</strong></span> <span class='ocrx_word' id='word_1_122' title='bbox 671 1959 846 2046; x_wconf 82' lang='lat' dir='ltr'><strong>paueiores</strong></span> <span class='ocrx_word' id='word_1_123' title='bbox 873 1957 1026 2026; x_wconf 87' lang='lat' dir='ltr'><strong>ltalionnr</strong></span> <span class='ocrx_word' id='word_1_124' title='bbox 1056 1956 1292 2045; x_wconf 79' lang='lat' dir='ltr'><strong>sequebantur.</strong></span> 
     </span>
     <span class='ocr_line' id='line_1_18' title="bbox 221 2053 1293 2148; baseline -0.002 -20"><span class='ocrx_word' id='word_1_125' title='bbox 221 2083 285 2128; x_wconf 88' lang='lat' dir='ltr'><strong>non</strong></span> <span class='ocrx_word' id='word_1_126' title='bbox 308 2061 394 2128; x_wconf 82' lang='lat' dir='ltr'><strong>onim</strong></span> <span class='ocrx_word' id='word_1_127' title='bbox 414 2061 578 2148; x_wconf 89' lang='lat' dir='ltr'><strong>irrupisse</strong></span> <span class='ocrx_word' id='word_1_128' title='bbox 599 2059 800 2142; x_wconf 76' lang='lat' dir='ltr'><strong>erlinuitoe,</strong></span> <span class='ocrx_word' id='word_1_129' title='bbox 827 2059 1040 2128; x_wconf 77' lang='lat' dir='ltr'><strong>eeueorttrn</strong></span> <span class='ocrx_word' id='word_1_130' title='bbox 1053 2053 1293 2127; x_wconf 77' lang='lat' dir='ltr'><strong>memorabant.</strong></span> 
     </span>
     <span class='ocr_line' id='line_1_19' title="bbox 221 2162 1295 2254; baseline 0 -26"><span class='ocrx_word' id='word_1_131' title='bbox 221 2162 354 2250; x_wconf 84' lang='lat' dir='ltr'><strong>quando</strong></span> <span class='ocrx_word' id='word_1_132' title='bbox 378 2163 554 2231; x_wconf 79' lang='lat' dir='ltr'><strong>nobilitato</strong></span> <span class='ocrx_word' id='word_1_133' title='bbox 574 2171 704 2230; x_wconf 84' lang='lat' dir='ltr'><strong>eeteros</strong></span> <span class='ocrx_word' id='word_1_134' title='bbox 726 2164 888 2244; x_wconf 87' lang='lat' dir='ltr'><strong>anteiret,</strong></span> <span class='ocrx_word' id='word_1_135' title='bbox 919 2164 1077 2231; x_wconf 86' lang='lat' dir='ltr'><strong>virtutem</strong></span> <span class='ocrx_word' id='word_1_136' title='bbox 1101 2166 1295 2254; x_wconf 84' lang='lat' dir='ltr'><strong>experiren-</strong></span> 
     </span>
     <span class='ocr_line' id='line_1_20' title="bbox 221 2264 1294 2357; baseline -0.001 -25"><span class='ocrx_word' id='word_1_137' title='bbox 221 2272 296 2348; x_wconf 86' lang='lat' dir='ltr'><strong>tur,</strong></span> <span class='ocrx_word' id='word_1_138' title='bbox 325 2289 367 2334; x_wconf 87' lang='lat' dir='ltr'><strong>eu</strong></span> <span class='ocrx_word' id='word_1_139' title='bbox 381 2266 517 2354; x_wconf 81' lang='lat' dir='ltr'><strong>dignum</strong></span> <span class='ocrx_word' id='word_1_140' title='bbox 532 2288 569 2334; x_wconf 90' lang='lat' dir='ltr'><strong>se</strong></span> <span class='ocrx_word' id='word_1_141' title='bbox 584 2275 705 2357; x_wconf 82' lang='lat' dir='ltr'><strong>patruo</strong></span> <span class='ocrx_word' id='word_1_142' title='bbox 721 2264 895 2348; x_wconf 81' lang='lat' dir='ltr'><strong>Arminio,</strong></span> <span class='ocrx_word' id='word_1_143' title='bbox 922 2287 983 2334; x_wconf 78' lang='lat' dir='ltr'><strong>auo</strong></span> <span class='ocrx_word' id='word_1_144' title='bbox 996 2267 1183 2334; x_wconf 80' lang='lat' dir='ltr'><strong>Antumeio</strong></span> <span class='ocrx_word' id='word_1_145' title='bbox 1196 2285 1294 2355; x_wconf 85' lang='lat' dir='ltr'><strong>prae-</strong></span> 
     </span>
     <span class='ocr_line' id='line_1_21' title="bbox 222 2367 1295 2458; baseline 0 -23"><span class='ocrx_word' id='word_1_146' title='bbox 222 2367 330 2440; x_wconf 80' lang='lat' dir='ltr'><strong>beret.</strong></span> <span class='ocrx_word' id='word_1_147' title='bbox 374 2391 434 2436; x_wconf 84' lang='lat' dir='ltr'><strong>neo</strong></span> <span class='ocrx_word' id='word_1_148' title='bbox 456 2377 586 2458; x_wconf 84' lang='lat' dir='ltr'><strong>patrem</strong></span> <span class='ocrx_word' id='word_1_149' title='bbox 605 2371 738 2452; x_wconf 85' lang='lat' dir='ltr'><strong>rubori,</strong></span> <span class='ocrx_word' id='word_1_150' title='bbox 766 2369 856 2458; x_wconf 88' lang='lat' dir='ltr'><strong>quod</strong></span> <span class='ocrx_word' id='word_1_151' title='bbox 873 2370 971 2436; x_wconf 87' lang='lat' dir='ltr'><strong>fidem</strong></span> <span class='ocrx_word' id='word_1_152' title='bbox 991 2367 1151 2438; x_wconf 83' lang='lat' dir='ltr'><strong>adversus</strong></span> <span class='ocrx_word' id='word_1_153' title='bbox 1169 2369 1295 2436; x_wconf 86' lang='lat' dir='ltr'><strong>Rome-</strong></span> 
     </span>
     <span class='ocr_line' id='line_1_22' title="bbox 222 2473 1296 2564; baseline 0.005 -26"><span class='ocrx_word' id='word_1_154' title='bbox 222 2491 284 2538; x_wconf 85' lang='lat' dir='ltr'><strong>noa</strong></span> <span class='ocrx_word' id='word_1_155' title='bbox 310 2473 497 2540; x_wconf 83' lang='lat' dir='ltr'><strong>volentibus</strong></span> <span class='ocrx_word' id='word_1_156' title='bbox 525 2473 700 2542; x_wconf 83' lang='lat' dir='ltr'><strong>Germania</strong></span> <span class='ocrx_word' id='word_1_157' title='bbox 727 2481 894 2564; x_wconf 83' lang='lat' dir='ltr'><strong>sumptam</strong></span> <span class='ocrx_word' id='word_1_158' title='bbox 920 2495 1087 2562; x_wconf 84' lang='lat' dir='ltr'><strong>nunquear</strong></span> <span class='ocrx_word' id='word_1_159' title='bbox 1112 2473 1296 2543; x_wconf 80' lang='lat' dir='ltr'><strong>onisieeet.</strong></span> 
     </span>
     <span class='ocr_line' id='line_1_23' title="bbox 222 2574 1294 2666; baseline -0.001 -24"><span class='ocrx_word' id='word_1_160' title='bbox 222 2574 311 2644; x_wconf 80' lang='lat' dir='ltr'><strong>falso</strong></span> <span class='ocrx_word' id='word_1_161' title='bbox 330 2577 502 2645; x_wconf 83' lang='lat' dir='ltr'><strong>libertatis</strong></span> <span class='ocrx_word' id='word_1_162' title='bbox 522 2580 718 2646; x_wconf 82' lang='lat' dir='ltr'><strong>rooobuluru</strong></span> <span class='ocrx_word' id='word_1_163' title='bbox 743 2575 881 2644; x_wconf 88' lang='lat' dir='ltr'><strong>obtendi</strong></span> <span class='ocrx_word' id='word_1_164' title='bbox 903 2576 945 2643; x_wconf 88' lang='lat' dir='ltr'><strong>ab</strong></span> <span class='ocrx_word' id='word_1_165' title='bbox 964 2579 1028 2660; x_wconf 84' lang='lat' dir='ltr'><strong>iia,</strong></span> <span class='ocrx_word' id='word_1_166' title='bbox 1061 2578 1121 2666; x_wconf 89' lang='lat' dir='ltr'><strong>qui</strong></span> <span class='ocrx_word' id='word_1_167' title='bbox 1138 2577 1294 2665; x_wconf 82' lang='lat' dir='ltr'><strong>privatim</strong></span> 
     </span>
     <span class='ocr_line' id='line_1_24' title="bbox 223 2677 1296 2770; baseline 0.003 -26"><span class='ocrx_word' id='word_1_168' title='bbox 223 2677 415 2765; x_wconf 81' lang='lat' dir='ltr'><strong>degeneres,</strong></span> <span class='ocrx_word' id='word_1_169' title='bbox 434 2683 468 2746; x_wconf 89' lang='lat' dir='ltr'><strong>in</strong></span> <span class='ocrx_word' id='word_1_170' title='bbox 484 2680 653 2770; x_wconf 75' lang='lat' dir='ltr'><strong>publicum</strong></span> <span class='ocrx_word' id='word_1_171' title='bbox 667 2681 812 2765; x_wconf 83' lang='lat' dir='ltr'><strong>exitiosi,</strong></span> <span class='ocrx_word' id='word_1_172' title='bbox 832 2679 917 2746; x_wconf 87' lang='lat' dir='ltr'><strong>nihil</strong></span> <span class='ocrx_word' id='word_1_173' title='bbox 929 2681 1003 2770; x_wconf 84' lang='lat' dir='ltr'><strong>spei</strong></span> <span class='ocrx_word' id='word_1_174' title='bbox 1016 2681 1081 2748; x_wconf 81' lang='lat' dir='ltr'><strong>nisi</strong></span> <span class='ocrx_word' id='word_1_175' title='bbox 1095 2701 1156 2770; x_wconf 88' lang='lat' dir='ltr'><strong>per</strong></span> <span class='ocrx_word' id='word_1_176' title='bbox 1168 2679 1296 2748; x_wconf 78' lang='lat' dir='ltr'><strong>dieror-</strong></span> 
     </span>
     <span class='ocr_line' id='line_1_25' title="bbox 223 2781 1295 2874; baseline 0.004 -26"><span class='ocrx_word' id='word_1_177' title='bbox 223 2781 298 2848; x_wconf 81' lang='lat' dir='ltr'><strong>elioa</strong></span> <span class='ocrx_word' id='word_1_178' title='bbox 312 2783 466 2851; x_wconf 85' lang='lat' dir='ltr'><strong>habeant.</strong></span> <span class='ocrx_word' id='word_1_179' title='bbox 507 2781 741 2874; x_wconf 75' lang='lat' dir='ltr'><strong>Adstrepebat</strong></span> <span class='ocrx_word' id='word_1_180' title='bbox 756 2785 832 2850; x_wconf 90' lang='lat' dir='ltr'><strong>lruio</strong></span> <span class='ocrx_word' id='word_1_181' title='bbox 844 2785 955 2849; x_wconf 89' lang='lat' dir='ltr'><strong>aleore</strong></span> <span class='ocrx_word' id='word_1_182' title='bbox 969 2784 1105 2870; x_wconf 80' lang='lat' dir='ltr'><strong>volgue3</strong></span> <span class='ocrx_word' id='word_1_183' title='bbox 1126 2791 1163 2850; x_wconf 89' lang='lat' dir='ltr'><strong>et</strong></span> <span class='ocrx_word' id='word_1_184' title='bbox 1178 2804 1295 2870; x_wconf 78' lang='lat' dir='ltr'><strong>magno</strong></span> 
     </span>
     <span class='ocr_line' id='line_1_26' title="bbox 224 2883 1296 2975; baseline 0.006 -25"><span class='ocrx_word' id='word_1_185' title='bbox 224 2883 314 2950; x_wconf 89' lang='lat' dir='ltr'><strong>inter</strong></span> <span class='ocrx_word' id='word_1_186' title='bbox 332 2885 495 2952; x_wconf 81' lang='lat' dir='ltr'><strong>barbaros</strong></span> <span class='ocrx_word' id='word_1_187' title='bbox 513 2888 642 2975; x_wconf 86' lang='lat' dir='ltr'><strong>proelio</strong></span> <span class='ocrx_word' id='word_1_188' title='bbox 664 2889 772 2956; x_wconf 83' lang='lat' dir='ltr'><strong>vietor</strong></span> <span class='ocrx_word' id='word_1_189' title='bbox 790 2909 869 2969; x_wconf 87' lang='lat' dir='ltr'><strong>rex,</strong></span> <span class='ocrx_word' id='word_1_190' title='bbox 897 2885 975 2954; x_wconf 83' lang='lat' dir='ltr'><strong>doio</strong></span> <span class='ocrx_word' id='word_1_191' title='bbox 996 2887 1141 2954; x_wconf 81' lang='lat' dir='ltr'><strong>seeundo</strong></span> <span class='ocrx_word' id='word_1_192' title='bbox 1162 2889 1296 2956; x_wconf 81' lang='lat' dir='ltr'><strong>iortnrm</strong></span> 
     </span>
     <span class='ocr_line' id='line_1_27' title="bbox 227 2985 1296 3081; baseline 0.006 -30"><span class='ocrx_word' id='word_1_193' title='bbox 227 2985 270 3051; x_wconf 84' lang='lat' dir='ltr'><strong>ed</strong></span> <span class='ocrx_word' id='word_1_194' title='bbox 290 2988 480 3074; x_wconf 86' lang='lat' dir='ltr'><strong>superbiam</strong></span> <span class='ocrx_word' id='word_1_195' title='bbox 499 2991 679 3080; x_wconf 83' lang='lat' dir='ltr'><strong>prolapsus</strong></span> <span class='ocrx_word' id='word_1_196' title='bbox 697 2993 900 3081; x_wconf 82' lang='lat' dir='ltr'><strong>pulsusque,</strong></span> <span class='ocrx_word' id='word_1_197' title='bbox 922 3013 960 3057; x_wconf 87' lang='lat' dir='ltr'><strong>ee</strong></span> <span class='ocrx_word' id='word_1_198' title='bbox 972 3013 1092 3064; x_wconf 85' lang='lat' dir='ltr'><strong>rursus</strong></span> <span class='ocrx_word' id='word_1_199' title='bbox 1103 2989 1296 3077; x_wconf 82' lang='lat' dir='ltr'><strong>Langobar-</strong></span> 
     </span>
    </p>
   </div>
   <div class='ocr_carea' id='block_1_3' title="bbox 193 3083 1295 3266">
    <p class='ocr_par' dir='ltr' id='par_1_3' title="bbox 193 3083 1295 3266">
     <span class='ocr_line' id='line_1_28' title="bbox 193 3083 1295 3186; baseline 0.017 -38"><span class='ocrx_word' id='word_1_200' title='bbox 193 3145 195 3148; x_wconf 83' lang='lat'>.</span> <span class='ocrx_word' id='word_1_201' title='bbox 226 3083 343 3158; x_wconf 82' lang='lat' dir='ltr'><strong>dorum</strong></span> <span class='ocrx_word' id='word_1_202' title='bbox 367 3091 487 3179; x_wconf 81' lang='lat' dir='ltr'><strong>opibus</strong></span> <span class='ocrx_word' id='word_1_203' title='bbox 505 3091 669 3180; x_wconf 81' lang='lat' dir='ltr'><strong>retentus,</strong></span> <span class='ocrx_word' id='word_1_204' title='bbox 699 3117 760 3183; x_wconf 89' lang='lat' dir='ltr'><strong>per</strong></span> <span class='ocrx_word' id='word_1_205' title='bbox 776 3097 884 3177; x_wconf 86' lang='lat' dir='ltr'><strong>laeto,</strong></span> <span class='ocrx_word' id='word_1_206' title='bbox 908 3116 970 3186; x_wconf 89' lang='lat' dir='ltr'><strong>per</strong></span> <span class='ocrx_word' id='word_1_207' title='bbox 984 3091 1125 3163; x_wconf 82' lang='lat' dir='ltr'><strong>aduorso</strong></span> <span class='ocrx_word' id='word_1_208' title='bbox 1140 3117 1194 3164; x_wconf 83' lang='lat' dir='ltr'><strong>res</strong></span> <span class='ocrx_word' id='word_1_209' title='bbox 1209 3091 1295 3166; x_wconf 74' lang='lat' dir='ltr'><strong>cle</strong></span> 
     </span>
     <span class='ocr_line' id='line_1_29' title="bbox 225 3193 550 3266; baseline 0.009 -6"><span class='ocrx_word' id='word_1_210' title='bbox 225 3213 343 3261; x_wconf 85' lang='lat' dir='ltr'><strong>ruseae</strong></span> <span class='ocrx_word' id='word_1_211' title='bbox 356 3193 550 3266; x_wconf 72' lang='lat' dir='ltr'><strong>afflictabat.</strong></span> 
     </span>
    </p>
   </div>
   <div class='ocr_carea' id='block_1_4' title="bbox 295 3345 1120 3424">
    <p class='ocr_par' dir='ltr' id='par_1_4' title="bbox 295 3345 1120 3424">
     <span class='ocr_line' id='line_1_30' title="bbox 295 3345 1120 3424; baseline 0.006 -18"><span class='ocrx_word' id='word_1_212' title='bbox 295 3351 420 3414; x_wconf 75' lang='lat' dir='ltr'><strong>lootrnro</strong></span> <span class='ocrx_word' id='word_1_213' title='bbox 437 3345 497 3408; x_wconf 73' lang='lat' dir='ltr'><strong>ton.</strong></span> <span class='ocrx_word' id='word_1_214' title='bbox 531 3355 568 3408; x_wconf 79' lang='lat' dir='ltr'><strong>at</strong></span> <span class='ocrx_word' id='word_1_215' title='bbox 584 3353 639 3406; x_wconf 78' lang='lat' dir='ltr'><strong>tle.</strong></span> <span class='ocrx_word' id='word_1_216' title='bbox 655 3352 768 3424; x_wconf 76' lang='lat' dir='ltr'><strong>lantso,</strong></span> <span class='ocrx_word' id='word_1_217' title='bbox 789 3362 879 3424; x_wconf 80' lang='lat' dir='ltr'><strong>reete,</strong></span> <span class='ocrx_word' id='word_1_218' title='bbox 901 3363 931 3408; x_wconf 83' lang='lat' dir='ltr'><strong>ut</strong></span> <span class='ocrx_word' id='word_1_219' title='bbox 945 3365 1007 3410; x_wconf 82' lang='lat' dir='ltr'><strong>nox</strong></span> <span class='ocrx_word' id='word_1_220' title='bbox 1022 3357 1120 3424; x_wconf 60' lang='lat' dir='ltr'><strong>mm.</strong></span> 
     </span>
    </p>
   </div>
   <div class='ocr_carea' id='block_1_5' title="bbox 225 3507 1302 3991">
    <p class='ocr_par' dir='ltr' id='par_1_5' title="bbox 225 3507 1301 3782">
     <span class='ocr_line' id='line_1_31' title="bbox 275 3507 1299 3574; baseline -0.001 -12"><span class='ocrx_word' id='word_1_221' title='bbox 275 3509 451 3574; x_wconf 68' lang='lat' dir='ltr'><strong>eruamur]</strong></span> <span class='ocrx_word' id='word_1_222' title='bbox 488 3507 621 3572; x_wconf 83' lang='lat' dir='ltr'><strong>l&#39;rustre,</strong></span> <span class='ocrx_word' id='word_1_223' title='bbox 649 3507 744 3574; x_wconf 75' lang='lat' dir='ltr'><strong>lnqntt,</strong></span> <span class='ocrx_word' id='word_1_224' title='bbox 836 3507 868 3562; x_wconf 78' lang='lat' dir='ltr'><strong>c.</strong></span> <span class='ocrx_word' id='word_1_225' title='bbox 883 3511 925 3564; x_wconf 81' lang='grc'><strong>17.</strong></span> <span class='ocrx_word' id='word_1_226' title='bbox 958 3510 1039 3564; x_wconf 75' lang='lat' dir='ltr'><strong>trater</strong></span> <span class='ocrx_word' id='word_1_227' title='bbox 1056 3512 1208 3573; x_wconf 68' lang='lat' dir='ltr'><strong>eumaem]</strong></span> <span class='ocrx_word' id='word_1_228' title='bbox 1235 3509 1299 3562; x_wconf 79' lang='lat' dir='ltr'><strong>lleo</strong></span> 
     </span>
     <span class='ocr_line' id='line_1_32' title="bbox 225 3575 1299 3646; baseline 0 -16"><span class='ocrx_word' id='word_1_229' title='bbox 225 3575 358 3630; x_wconf 69' lang='lat' dir='ltr'><strong>monor</strong></span> <span class='ocrx_word' id='word_1_230' title='bbox 371 3580 494 3632; x_wconf 83' lang='lat' dir='ltr'><strong>ltelleuer</strong></span> <span class='ocrx_word' id='word_1_231' title='bbox 506 3591 570 3629; x_wconf 82' lang='lat' dir='ltr'><strong>ease</strong></span> <span class='ocrx_word' id='word_1_232' title='bbox 583 3591 618 3628; x_wconf 84' lang='lat' dir='ltr'><strong>ex</strong></span> <span class='ocrx_word' id='word_1_233' title='bbox 629 3579 744 3629; x_wconf 76' lang='lat' dir='ltr'><strong>Arminll</strong></span> <span class='ocrx_word' id='word_1_234' title='bbox 785 3581 853 3630; x_wconf 76' lang='lat' dir='ltr'><strong>loeo</strong></span> <span class='ocrx_word' id='word_1_235' title='bbox 866 3581 972 3643; x_wconf 66' lang='lat' dir='ltr'><strong>multe,</strong></span> <span class='ocrx_word' id='word_1_236' title='bbox 991 3593 1026 3632; x_wconf 90' lang='lat' dir='ltr'><strong>ne</strong></span> <span class='ocrx_word' id='word_1_237' title='bbox 1039 3583 1100 3646; x_wconf 84' lang='lat' dir='ltr'><strong>qote</strong></span> <span class='ocrx_word' id='word_1_238' title='bbox 1112 3586 1188 3646; x_wconf 82' lang='lat' dir='ltr'><strong>putet</strong></span> <span class='ocrx_word' id='word_1_239' title='bbox 1199 3581 1299 3633; x_wconf 57' lang='lat' dir='ltr'><strong>noum</strong></span> 
     </span>
     <span class='ocr_line' id='line_1_33' title="bbox 225 3647 1301 3717; baseline 0.003 -18"><span class='ocrx_word' id='word_1_240' title='bbox 225 3647 319 3712; x_wconf 82' lang='lat' dir='ltr'><strong>rtlrpe,</strong></span> <span class='ocrx_word' id='word_1_241' title='bbox 332 3647 672 3700; x_wconf 73' lang='lat' dir='ltr'><strong>oemmteeuoeratorlea</strong></span> <span class='ocrx_word' id='word_1_242' title='bbox 691 3647 742 3714; x_wconf 83' lang='lat' dir='ltr'><strong>lv,</strong></span> <span class='ocrx_word' id='word_1_243' title='bbox 785 3659 850 3712; x_wconf 87' lang='lat' dir='ltr'><strong>noe,</strong></span> <span class='ocrx_word' id='word_1_244' title='bbox 866 3659 896 3699; x_wconf 83' lang='lat' dir='ltr'><strong>uo</strong></span> <span class='ocrx_word' id='word_1_245' title='bbox 909 3650 1005 3701; x_wconf 77' lang='lat' dir='ltr'><strong>ltoltoo</strong></span> <span class='ocrx_word' id='word_1_246' title='bbox 1015 3651 1152 3717; x_wconf 74' lang='lat' dir='ltr'><strong>tererent,</strong></span> <span class='ocrx_word' id='word_1_247' title='bbox 1168 3650 1208 3702; x_wconf 77' lang='lat' dir='ltr'><strong>lte</strong></span> <span class='ocrx_word' id='word_1_248' title='bbox 1221 3661 1301 3714; x_wconf 79' lang='lat' dir='ltr'><strong>proo-</strong></span> 
     </span>
     <span class='ocr_line' id='line_1_34' title="bbox 225 3715 1300 3782; baseline 0 -12"><span class='ocrx_word' id='word_1_249' title='bbox 225 3715 406 3770; x_wconf 65' lang='lat' dir='ltr'><strong>‘Mrem</strong></span> <span class='ocrx_word' id='word_1_250' title='bbox 414 3716 743 3780; x_wconf 67' lang='lat' dir='ltr'><strong>meermpraesoroor.</strong></span> <span class='ocrx_word' id='word_1_251' title='bbox 784 3715 822 3768; x_wconf 85' lang='lat' dir='ltr'><strong>llo</strong></span> <span class='ocrx_word' id='word_1_252' title='bbox 844 3717 925 3770; x_wconf 80' lang='lat' dir='ltr'><strong>etlam</strong></span> <span class='ocrx_word' id='word_1_253' title='bbox 949 3719 1116 3771; x_wconf 76' lang='lat' dir='ltr'><strong>interfuisse.</strong></span> <span class='ocrx_word' id='word_1_254' title='bbox 1155 3721 1300 3782; x_wconf 71' lang='lat' dir='ltr'><strong>remmon</strong></span> 
     </span>
    </p>

    <p class='ocr_par' dir='ltr' id='par_1_6' title="bbox 226 3785 1302 3991">
     <span class='ocr_line' id='line_1_35' title="bbox 274 3785 1300 3855; baseline 0.001 -18"><span class='ocrx_word' id='word_1_255' title='bbox 274 3785 325 3839; x_wconf 77' lang='lat' dir='ltr'><strong>at.</strong></span> <span class='ocrx_word' id='word_1_256' title='bbox 340 3823 348 3837; x_wconf 88' lang='lat'>.</span> <span class='ocrx_word' id='word_1_257' title='bbox 361 3799 442 3840; x_wconf 75' lang='lat' dir='ltr'><strong>mm</strong></span> <span class='ocrx_word' id='word_1_258' title='bbox 458 3789 599 3853; x_wconf 81' lang='lat' dir='ltr'><strong>areat,-··]</strong></span> <span class='ocrx_word' id='word_1_259' title='bbox 626 3785 743 3848; x_wconf 80' lang='lat' dir='ltr'><strong>Apoelo-</strong></span> <span class='ocrx_word' id='word_1_260' title='bbox 784 3785 893 3848; x_wconf 76' lang='lat' dir='ltr'><strong>hlpetue</strong></span> <span class='ocrx_word' id='word_1_261' title='bbox 905 3789 940 3838; x_wconf 75' lang='lat' dir='ltr'><strong>ut</strong></span> <span class='ocrx_word' id='word_1_262' title='bbox 951 3789 1147 3855; x_wconf 80' lang='lat' dir='ltr'><strong>ementetlone,</strong></span> <span class='ocrx_word' id='word_1_263' title='bbox 1160 3787 1300 3840; x_wconf 76' lang='lat' dir='ltr'><strong>Emeetins</strong></span> 
     </span>
     <span class='ocr_line' id='line_1_36' title="bbox 226 3853 1301 3921; baseline 0.007 -19"><span class='ocrx_word' id='word_1_264' title='bbox 226 3855 303 3916; x_wconf 79' lang='lat' dir='ltr'><strong>poete</strong></span> <span class='ocrx_word' id='word_1_265' title='bbox 330 3859 376 3906; x_wconf 83' lang='lat' dir='ltr'><strong>rel</strong></span> <span class='ocrx_word' id='word_1_266' title='bbox 402 3858 619 3919; x_wconf 77' lang='lat' dir='ltr'><strong>anonaeporloton</strong></span> <span class='ocrx_word' id='word_1_267' title='bbox 648 3853 743 3918; x_wconf 69' lang='lat' dir='ltr'><strong>autel,</strong></span> <span class='ocrx_word' id='word_1_268' title='bbox 784 3853 945 3918; x_wconf 70' lang='lat' dir='ltr'><strong>ooglmlone</strong></span> <span class='ocrx_word' id='word_1_269' title='bbox 970 3855 1053 3912; x_wconf 79' lang='lat' dir='ltr'><strong>odllel</strong></span> <span class='ocrx_word' id='word_1_270' title='bbox 1079 3859 1207 3921; x_wconf 80' lang='lat' dir='ltr'><strong>reluere,</strong></span> <span class='ocrx_word' id='word_1_271' title='bbox 1239 3865 1301 3909; x_wconf 81' lang='lat' dir='ltr'><strong>teu-</strong></span> 
     </span>
     <span class='ocr_line' id='line_1_37' title="bbox 226 3919 1302 3991; baseline 0.007 -19"><span class='ocrx_word' id='word_1_272' title='bbox 226 3919 268 3972; x_wconf 76' lang='lat' dir='ltr'><strong>ure</strong></span> <span class='ocrx_word' id='word_1_273' title='bbox 280 3920 339 3972; x_wconf 82' lang='lat' dir='ltr'><strong>rere</strong></span> <span class='ocrx_word' id='word_1_274' title='bbox 350 3923 445 3974; x_wconf 76' lang='lat' dir='ltr'><strong>vertis</strong></span> <span class='ocrx_word' id='word_1_275' title='bbox 458 3925 632 3987; x_wconf 79' lang='lat' dir='ltr'><strong>explenonn:</strong></span> <span class='ocrx_word' id='word_1_276' title='bbox 652 3935 744 3988; x_wconf 71' lang='lat' dir='ltr'><strong>qumo-</strong></span> <span class='ocrx_word' id='word_1_277' title='bbox 784 3937 866 3988; x_wconf 81' lang='lat' dir='ltr'><strong>quem</strong></span> <span class='ocrx_word' id='word_1_278' title='bbox 882 3925 1086 3991; x_wconf 66' lang='lat' dir='ltr'><strong>proterrere</strong></span> <span class='ocrx_word' id='word_1_279' title='bbox 1102 3934 1205 3978; x_wconf 79' lang='lat' dir='ltr'><strong>tontum</strong></span> <span class='ocrx_word' id='word_1_280' title='bbox 1222 3937 1302 3989; x_wconf 78' lang='lat' dir='ltr'><strong>proo-</strong></span> 
     </span>
    </p>
   </div>
   <div class='ocr_carea' id='block_1_6' title="bbox 225 3991 1239 4113">
    <p class='ocr_par' dir='ltr' id='par_1_7' title="bbox 225 3991 1239 4113">
     <span class='ocr_line' id='line_1_38' title="bbox 225 3991 1239 4113; baseline 0.01 -71"><span class='ocrx_word' id='word_1_281' title='bbox 225 3991 375 4113; x_wconf 57' lang='lat' dir='ltr'><strong>ppuproetr</strong></span> <span class='ocrx_word' id='word_1_282' title='bbox 398 3993 642 4048; x_wconf 66' lang='lat' dir='ltr'><strong>emereretur·</strong></span> <span class='ocrx_word' id='word_1_283' title='bbox 660 3992 746 4063; x_wconf 69' lang='lat' dir='ltr'><strong>torol</strong></span> <span class='ocrx_word' id='word_1_284' title='bbox 784 3992 851 4047; x_wconf 88' lang='lat' dir='ltr'><strong>llum</strong></span> <span class='ocrx_word' id='word_1_285' title='bbox 867 3995 968 4050; x_wconf 67' lang='lat' dir='ltr'><strong>reum</strong></span> <span class='ocrx_word' id='word_1_286' title='bbox 983 4009 1118 4064; x_wconf 66' lang='lat' dir='ltr'><strong>magnum</strong></span> <span class='ocrx_word' id='word_1_287' title='bbox 1146 3997 1239 4052; x_wconf 80' lang='lat' dir='ltr'><strong>Doro·</strong></span> 
     </span>
    </p>
   </div>
   <div class='ocr_carea' id='block_1_7' title="bbox 0 0 1454 4810">
    <p class='ocr_par' dir='ltr' id='par_1_8' title="bbox 0 0 1454 4810">
     <span class='ocr_line' id='line_1_39' title="bbox 0 0 1454 4810; baseline 0 0"><span class='ocrx_word' id='word_1_288' title='bbox 0 0 1454 4810; x_wconf 95' lang='lat' dir='ltr'><strong> </strong></span> 
     </span>
    </p>
   </div>
  </div>
 </body>
</html>
