2870 4804
180 277 181 284 a
322 229 559 308 araxe.
602 227 902 308 σωκ-ιε.
1094 203 1161 312 hs
1359 265 1368 286 κ

104 429 235 508 horem
260 419 414 514 potuisse
432 419 557 488 hellam
570 417 650 507 lupa
663 415 980 500 Parthorumhnirl,
1006 415 1208 491 illeiute-ssss
1306 379 1307 382 Ἴ
1423 433 1424 442 ¹

105 552 163 619 gra
175 527 312 615 utrique
323 530 441 590 cuncta
453 521 890 613 respouditt'oonrcrterent
902 523 1030 610 apodas
1044 528 1079 588 at
1091 517 1164 624 iun‘-

105 636 152 702 oti
169 628 571 702 invaderent'Armeniam
590 627 744 693 abscessu
757 621 936 708 Vologesis
955 621 1163 697 infirmatam,

106 735 183 814 Non
202 755 241 802 ea
260 729 472 819 imperatoris
488 729 609 796 hahere
629 725 800 808 mandata,
814 725 986 795 ‘corbulae
1013 727 1162 816 periculo

107 839 269 925 legionum
297 841 532 901 commotume
556 829 723 920 provincia
745 849 926 915 egressum.
976 825 1163 918 quandoid

106 941 232 1010 incerto
250 937 434 1005 habeantur
453 931 652 1002 Parthorum
673 941 828 1014 conatus,
856 931 987 1019 Syriam
1003 933 1165 1023 repetitu-¹

107 1067 192 1114 rum.
234 1043 283 1109 sic
304 1059 434 1128 quoque
453 1035 610 1126 optimam
629 1033 794 1101 iortunam
810 1036 984 1119 orandam,
1011 1044 1049 1102 ut
1062 1036 1163 1125 pedes

109 1147 276 1214 contectus
297 1141 436 1231 spatiis,
461 1141 616 1206 itinerum
637 1141 778 1205 alacrem
800 1145 836 1206 et
852 1140 1012 1206 facilitate
1034 1139 1182 1229 campo-⁸

108 1271 180 1315 rum
201 1242 463 1336 praevenientem
483 1242 627 1329 equitem
648 1249 891 1331 assequeretur.
933 1239 1016 1310 Exin
1039 1243 1166 1324 Paetus

109 1369 170 1440 per
187 1342 428 1438 Cappadociam
449 1343 645 1411 hibernavit.
688 1345 740 1412 Aa
755 1343 932 1431 Vologesis
947 1346 988 1413 ad
1005 1345 1166 1416 Corbulo-'⁸

111 1471 184 1520 nem
211 1449 305 1516 missi
324 1448 450 1528 nuntii,
478 1445 669 1515 detraheret
687 1449 826 1515 castella
849 1456 941 1516 traua
963 1447 1166 1539 Euphraten,
1223 1505 1228 1515 .

111 1573 301 1639 amnemque
315 1560 353 1617 ut
365 1551 443 1616 olim
460 1549 601 1616 modium
616 1551 751 1622 iaceret.
792 1551 858 1620 Ille
873 1551 1066 1621 Armeniam
1085 1553 1167 1644 quo-¹

112 1677 176 1745 qus
204 1653 345 1721 dirersis
369 1651 548 1740 praesidiis
571 1675 705 1720 vacuam
732 1653 806 1721 lieri
830 1652 1073 1744 expostulabat.
1100 1657 1167 1726 'Et

112 1766 278 1848 postremo
298 1757 462 1824 concessit
483 1777 558 1838 rer,
584 1753 761 1846 dirutaque
775 1781 858 1848 quae
871 1757 1062 1848 Euphraten
1076 1749 1167 1827 altit

34 1879 39 1886 ·
113 1861 370 1928 communiverat
388 1857 553 1940 Corbulo,
587 1865 623 1926 et
641 1861 798 1928 Armenii
817 1861 888 1928 sine
910 1860 1036 1929 arbitro
1057 1863 1169 1930 relicti

114 1967 202 2029 eunt.
246 1964 299 2031 18.
321 1963 374 2028 At
388 1961 513 2029 Romae
528 1969 664 2049 tropaea
678 1962 719 2030 de
731 1961 866 2032 Parthie
880 1985 1042 2053 arcusque
1058 1961 1170 2060 mettid

114 2061 297 2151 Capitolini
316 2063 437 2130 montis
456 2063 676 2151 sistebantur,
704 2065 836 2134 decreta
854 2065 895 2132 ah
910 2077 1026 2135 senatu
1039 2068 1169 2156 integro

43 2227 47 2239 ,
115 2163 219 2230 adhuc
242 2164 347 2246 hello,
373 2181 480 2254 neque
497 2173 569 2233 tum
591 2171 732 2252 omissa,
760 2167 837 2236 dum
857 2171 1005 2258 aspectui
1023 2167 1170 2238 consuliss

115 2275 189 2347 tur,
218 2275 331 2355 spreta
348 2271 561 2341 conscientia.
617 2272 707 2360 Quin
728 2279 762 2338 et
785 2269 1034 2340 dissimulandis
1057 2267 1168 2342 rerum

114 2379 320 2440 ammarum
341 2373 431 2440 auris
451 2369 544 2440 Nero
563 2373 763 2441 trumentum
787 2373 895 2462 plebis
914 2383 1079 2442 vetustate
1096 2399 1170 2466 cor-

113 2481 248 2564 ruptum
262 2476 297 2541 in
310 2475 460 2544 Tiberim
475 2475 573 2557 iecit,
593 2499 659 2566 quo
671 2477 882 2544 securitatem
897 2497 1042 2542 annonae
1059 2483 1179 2546 osteu-=

115 2583 214 2642 taret.
263 2575 369 2646 Cuius
389 2579 498 2667 pretio
515 2578 599 2644 nihil
618 2576 766 2646 additum
785 2585 857 2658 est,
884 2576 1034 2666 quamvis
1049 2575 1170 2646 dueen-

116 2685 171 2745 tae
195 2678 301 2746 ierme
328 2701 427 2748 uaros
452 2689 552 2770 portu
574 2681 608 2747 in
630 2681 705 2771 ipso
722 2679 879 2750 violentia
901 2681 1111 2769 tempestatis
1134 2687 1171 2751 et

116 2787 246 2848 centum
265 2781 349 2849 alias
363 2781 481 2850 'l'iheri
496 2784 671 2852 subrectas
684 2784 842 2853 iortuitus
860 2782 946 2870 ignis
967 2783 1171 2877 absumpsis-

115 2893 181 2954 set.
230 2881 313 2951 Tris
340 2883 416 2952 dein
437 2888 645 2970 consulares,
672 2887 813 2954 Lucium
836 2883 1012 2970 Pisonem,
1038 2887 1172 2960 Ducere&

115 2989 206 3056 nium
221 2983 412 3070 Gemienm,
432 2985 623 3078 Pompeium
638 2987 813 3058 Paulinum
821 2989 1045 3077 uectigalibus
1063 2991 1173 3082 puhli-

115 3091 165 3158 ois
178 3089 390 3178 praeposuit,
410 3111 484 3157 cum
499 3092 716 3159 insectatione
731 3094 877 3183 priorum
892 3094 1096 3184 principum,
1115 3095 1175 3186 qui
1205 3092 1210 3114 ⁸

114 3193 279 3280 gravitate
292 3198 483 3282 sumptuum
497 3193 605 3262 iustos
616 3193 745 3263 reditus
759 3195 957 3265 anteissent:
981 3219 1018 3265 se
1033 3219 1174 3268 aunum

115 3296 300 3366 aasentias
313 3295 506 3366 sestertium
521 3297 572 3364 rei
583 3297 734 3389 publicae
745 3299 876 3386 largiri.

186 3499 218 3549 0.
230 3500 274 3552 18.
307 3503 469 3558 ostentaret
489 3504 548 3555 edd.
568 3515 604 3556 cx
625 3501 745 3556 aar.
766 3515 843 3557 mam
860 3503 1038 3558 manasen.
1070 3507 1108 3560 et
1123 3505 1178 3559 lta·

153 3567 348 3638 moueret,
370 3572 430 3624 scu.
447 3573 581 3637 publicam
597 3573 785 3660 smurltatcm,
812 3573 872 3684 llop
886 3583 1017 3638 praestat.

120 3765 193 3828 apud
213 3777 281 3830 quos
298 3763 402 3820 Invidia
419 3771 493 3824 nulla
512 3771 633 3825 obstaret
725 3771 755 3824 c.
766 3771 810 3826 18.
842 3729 943 3838 posu]
966 3771 988 3824 1.
1002 3785 1027 3824 a.
1046 3769 1117 3838 plebi
1133 3773 1182 3826 de-

120 3833 299 3887 miserationi.
674 3839 811 3908 stinctum,
828 3841 888 3892 srva
902 3843 1082 3910 frumentum
1093 3843 1185 3910 putit-

173 3901 259 3955 (21⁷.
293 3901 418 3969 equdem
452 3903 512 3958 scil.
526 3903 633 3959 Parthi·
675 3911 780 3964 cratein
793 3911 881 3962 lnscr.
894 3923 938 3973 ur·
951 3911 1028 3964 amc.
1043 3925 1072 3978 p.
1086 3911 1146 3981 tit,
1159 3909 1185 3968 i·

120 3985 193 4036 cum,
210 3935 477 4038 arremrssyrhn
489 3973 634 4030 mammos
677 3981 743 4033 ctu·
756 3976 877 4045 mer.
891 3979 977 4034 orell.
1128 3987 1129 3990 ’

119 4041 205 4092 usas
