2862 4810
406 222 509 299 ern.
531 222 596 302 xi.
640 223 941 304 censa-as.
1150 197 1217 310 sas
1319 173 1322 178 ’

137 412 297 493 hstsbpt
316 409 450 502 quidem
476 410 663 486 Narcissus
686 416 816 507 aperire
836 419 994 510 ambepss
1012 429 1048 493 et
1066 423 1137 492 veri
1157 418 1269 500 coti-¹

136 521 230 610 piern
251 517 380 598 lacere,
398 513 537 586 sednon
551 518 627 588 ideo
642 519 800 610 pervicit,
823 523 904 610 quin
918 545 1081 614 suspensa
1096 536 1131 596 et
1146 551 1219 618 quo,

137 622 339 706 ducemntur
352 621 554 700 inclinatura
569 619 799 710 responderet.
811 627 1025 714 exemploque
1039 621 1116 698 eiue'
1127 629 1217 719 Larq

138 749 203 814 pus
223 725 364 798 Gracina
384 730 549 794 uteretur.
600 723 647 790 Et
665 725 729 792 iam
745 735 818 792 erat
832 729 865 792 in
878 737 1016 816 aspectu
1029 729 1212 802 Messalina

137 829 414 918 clamitabatque,
443 828 576 911 audiret
596 827 758 898 Octaviae
786 838 822 898 et
846 829 1035 900 Britannici
1060 841 1213 918 matrem,

136 955 211 1002 cunr
234 933 448 1022 obstreperet
467 938 659 1014 accusator,
689 929 809 1000 Silium
831 942 867 1002 et
887 937 1023 1026 nuptias
1046 937 1213 1022 relerens;

136 1038 239 1106 simul
260 1035 440 1107 codicillos
468 1034 644 1104 libidinum
672 1034 799 1104 indices
831 1036 991 1122 tradidit,
1016 1042 1094 1128 quis
1116 1042 1211 1110 visus

136 1139 297 1212 Caesarie
320 1145 507 1239 averteret,
552 1135 626 1208 Neo
649 1140 755 1208 multo
773 1147 853 1228 post
874 1140 990 1210 urbem
1009 1139 1211 1230 ingredienti

136 1241 363 1316 adunabantur
377 1261 565 1310 communes
582 1239 702 1323 liberi,
723 1279 765 1292 -
786 1242 853 1310 nisi
864 1241 1049 1314 Narcissus
1065 1245 1211 1326 amoveri

134 1369 194 1418 roe
217 1344 388 1417 iussisset.
431 1337 602 1412 Vibidiam
627 1342 795 1434 depellere
817 1347 984 1436 nequivit,
1005 1348 1086 1438 quin
1103 1350 1209 1418 multo

134 1471 210 1520 euru
229 1445 354 1518 insidia
373 1445 558 1531 flagitaret,
585 1469 627 1514 ne
646 1447 817 1516 indolensa
834 1451 975 1520 coniunx
991 1451 1092 1518 exitio
1111 1435 1213 1518 ‹lare-⁸

133 1563 204 1624 tur.
244 1551 356 1640 lpitur
376 1544 569 1618 auditurum
589 1552 772 1642 principem
795 1557 831 1618 et
845 1552 918 1620 lore
932 1552 1082 1622 diluendi
1096 1553 1209 1622 crimi-

134 1659 189 1728 nle
207 1656 399 1724 facultatem
419 1650 610 1741 respondita
642 1656 709 1722 iret
727 1655 861 1722 interim
883 1655 976 1744 virgo
992 1664 1026 1724 et
1043 1679 1140 1726 secra
1152 1680 1208 1726 ca·

133 1765 296 1853 imm·
345 1756 400 1828 35.
429 1753 553 1822 Mirum
573 1756 662 1827 inter
683 1758 764 1826 baec
781 1759 952 1828 silentium
966 1755 1118 1844 Claudii3
1144 1748 1208 1828 Viss

133 1863 250 1932 tellius
269 1861 386 1948 ignaro
408 1857 564 1946 propiora
590 1860 700 1928 omnia
713 1861 836 1930 liberto
851 1861 1062 1948 obediebant.
1105 1846 1209 1932 Patel

131 1966 208 2036 lieri
228 1961 362 2032 domurn
383 1959 529 2028 adulteri
549 1969 650 2052 atque
668 1964 750 2032 illuo
770 1963 892 2032 deduci
908 1965 1141 2056 imperatorem
1154 1969 1207 2036 iu-

131 2071 203 2140 bet.
251 2067 307 2138 Ao
329 2065 472 2156 mineum
493 2065 712 2136 investibulo
736 2067 880 2156 elligiem
899 2057 1015 2160 patrie¹
1031 2069 1110 2138 Silii
1128 2051 1210 2138 con-⁸

132 2175 225 2246 salto
238 2177 374 2240 senatus
390 2167 549 2234 abolitum
567 2165 793 2254 demonstrat,
819 2178 889 2238 turn
906 2171 1064 2260 quicquid
1079 2158 1207 2243 avitum

132 2275 325 2350 Neronibus
345 2277 381 2339 at
400 2271 527 2340 Drusis
549 2273 584 2340 in
603 2275 747 2362 pretium
761 2275 879 2362 probri
892 2275 1046 2346 cessisse.
1088 2257 1206 2344 lucen-¹

131 2401 273 2470 eumque
295 2385 331 2446 st
353 2373 397 2442 ud
417 2375 524 2442 minas
543 2382 769 2464 erumpentem
790 2377 912 2445 caetris
932 2377 1050 2460 inlert,
1085 2385 1206 2468 parate

130 2485 288 2560 concione
304 2481 448 2548 militum
457 2523 471 2558 ,
491 2478 581 2566 apud
597 2502 681 2574 quos
696 2487 928 2569 praemonente
942 2479 1106 2549 Narcisso
1121 2501 1205 2566 pau-

130 2611 170 2658 ca
190 2587 293 2658 verba
313 2583 412 2651 lecit:
439 2605 514 2650 narn
537 2581 603 2649 etsi
617 2582 742 2656 iustum
761 2581 909 2649 dolorem
926 2581 1035 2670 pudor
1046 2579 1206 2666 impedie-

128 2691 200 2760 but.
242 2687 429 2758 (lentinuus
451 2685 772 2754 debinccohortiurn
785 2687 912 2753 clamor
927 2683 1059 2752 nomina
1071 2705 1204 2752 morum

129 2803 167 2864 et
186 2813 310 2886 poenas
330 2790 570 2878 flagitantium
604 2787 827 2878 admotusque
842 2784 950 2858 Silius
964 2787 1127 2856 tribunali
1140 2809 1206 2857 non

198 2947 230 3002 (t.
245 2946 288 3001 til.
321 2948 501 3016 obstreperet
523 2949 600 3000 tiss.
634 2947 800 3013 obstrepere
822 2945 965 3000 Ernestins
989 2959 1050 2998 curn
1072 2946 1207 3002 Acidebm

164 3017 310 3084 suspicor:
343 3019 508 3086 obstrepere
533 3019 563 3072 et
580 3019 752 3085 moeretur,
782 3015 952 3070 iiesseiinee
975 3013 1040 3070 itsn
1063 3019 1206 3083 strepenti.

160 3089 287 3211 Dodd’bb.
320 3153 431 3208 mettum
453 3153 569 3212 crimes.
601 3151 729 3209 bcbttoot
750 3153 826 3206 tiss.
849 3161 880 3206 no
896 3167 923 3205 c.
940 3153 984 3207 itt.
1017 3151 1207 3222 intelliguntur

161 3227 310 3294 apparatus
326 3223 456 3292 principle
472 3223 534 3276 sitit
553 3222 580 3274 in
598 3225 704 3277 domum
721 3223 864 3276 uersisti:
887 3235 912 3276 e.
927 3226 969 3276 12.
986 3223 1029 3276 to.

127 3379 256 3440 tiarclssl
292 3375 454 3434 deletionem
489 3377 645 3444 significare
686 3379 829 3433 damnum
847 3375 960 3430 crimine
979 3375 1131 3431 molestetis
1144 3389 1205 3428 cnm

127 3454 237 3519 poterat
261 3449 408 3514 Vitellius,
444 3447 473 3498 in
497 3459 578 3500 unam
602 3449 646 3500 al·
688 3459 773 3500 uxore
793 3449 874 3500 Sosia
894 3447 995 3514 Gella,
1032 3449 1063 3498 ut
1094 3445 1145 3513 IV,
1170 3445 1204 3496 1⁹

128 3529 251 3574 teramus
277 3521 382 3582 partem
409 3514 646 3584 interpretaturus,
688 3519 841 3580 narratum,
874 3513 986 3580 ideoque
1015 3523 1044 3564 ec
1072 3511 1204 3580 imagines

129 3587 369 3653 proutbiesseiinu
381 3586 427 3636 vei
440 3585 586 3638 Narcissus
598 3598 647 3636 su·
688 3585 822 3652 abolitae,
840 3595 907 3646 quae
924 3585 1014 3636 temen
1033 3581 1106 3634 iliius
1124 3579 1205 3637 resci-

128 3657 221 3721 perior
234 3669 268 3706 ex
279 3657 329 3708 boc
342 3655 489 3710 certamine
502 3655 645 3708 obsessis
689 3657 788 3704 tuerat.
823 3651 986 3703 criminetur
998 3662 1063 3717 ergo
1076 3649 1103 3703 ld
1122 3649 1206 3704 iiber-

127 3729 181 3780 sct
216 3725 308 3780 Donn-
687 3724 742 3774 tus.
776 3721 856 3774 bers.
995 3781 998 3790 Ι

180 3793 211 3846 c.
224 3793 267 3845 ab.
296 3789 435 3861 esplplsor]
453 3791 487 3844 In
501 3789 572 3844 atrio
585 3787 646 3842 sies

125 3861 156 3916 ln
170 3861 306 3914 sesb'bulo
320 3862 425 3918 mnium
443 3859 575 3926 imagines
587 3873 647 3915 nae
739 3853 848 3923 pudor]
881 3859 951 3910 uum
970 3868 1102 3922 praesens
1122 3859 1208 3921 pudor

126 3933 233 3998 iorum,
265 3939 296 3982 ut
314 3929 359 3983 bic
379 3927 439 3984 suti
457 3929 554 3994 petris.
593 3929 648 3979 Sed
689 3924 724 3980 cb
742 3923 872 3991 flagicium
891 3920 1035 3978 uxcrluml
1058 3939 1093 3980 an
1109 3940 1207 3991 perpe-

125 4001 198 4056 enlrn
219 3999 305 4054 bilius
325 4003 434 4068 legatus
454 3997 517 4052 oiinr
534 3995 647 4048 interio-
690 3997 755 4048 turus
775 4007 809 4047 ec
829 3993 1014 4060 subrusticus,
1034 3995 1211 4058 extemporali

127 4071 172 4126 ris
185 4071 281 4136 [immo
299 4068 463 4136 superioris]
485 4065 647 4128 emmoniae
692 4061 861 4132 eloquentiae
876 4059 1031 4118 advenusl
1056 4065 1093 4118 ci.
1105 4065 1208 4142 Χῌ.
