<?xml version="1.0" encoding="UTF-8"?>
<!DOCTYPE html PUBLIC "-//W3C//DTD XHTML 1.0 Transitional//EN"
    "http://www.w3.org/TR/xhtml1/DTD/xhtml1-transitional.dtd">
<html xmlns="http://www.w3.org/1999/xhtml" xml:lang="en" lang="en">
 <head>
  <title>
</title>
<meta http-equiv="Content-Type" content="text/html;charset=utf-8" />
  <meta name='ocr-system' content='tesseract 3.04.00' />
  <meta name='ocr-capabilities' content='ocr_page ocr_carea ocr_par ocr_line ocrx_word'/>
</head>
<body>
  <div class='ocr_page' id='page_1' title='image "./ccorneliitaciti22tacigoog_0180.png"; bbox 0 0 2814 4806; ppageno 0'>
   <div class='ocr_carea' id='block_1_1' title="bbox 259 265 949 343">
    <p class='ocr_par' dir='ltr' id='par_1_1' title="bbox 259 265 949 343">
     <span class='ocr_line' id='line_1_1' title="bbox 259 265 949 343; baseline 0 -5"><span class='ocrx_word' id='word_1_1' title='bbox 259 269 324 343; x_wconf 77' lang='lat'>1³8</span> <span class='ocrx_word' id='word_1_2' title='bbox 367 315 370 320; x_wconf 94' lang='lat'>-</span> <span class='ocrx_word' id='word_1_3' title='bbox 639 265 949 340; x_wconf 80' lang='lat' dir='ltr'><strong>ANNALIUM</strong></span> 
     </span>
    </p>
   </div>
   <div class='ocr_carea' id='block_1_2' title="bbox 134 457 1329 3444">
    <p class='ocr_par' dir='ltr' id='par_1_2' title="bbox 134 457 1329 3444">
     <span class='ocr_line' id='line_1_2' title="bbox 207 457 1329 543; baseline 0.005 -18"><span class='ocrx_word' id='word_1_4' title='bbox 207 483 250 534; x_wconf 81' lang='lat'>²1·</span> <span class='ocrx_word' id='word_1_5' title='bbox 259 457 347 526; x_wconf 92' lang='lat' dir='ltr'>mino</span> <span class='ocrx_word' id='word_1_6' title='bbox 369 477 442 523; x_wconf 91' lang='lat' dir='ltr'>cum</span> <span class='ocrx_word' id='word_1_7' title='bbox 464 473 578 534; x_wconf 90' lang='lat' dir='ltr'>vocas,</span> <span class='ocrx_word' id='word_1_8' title='bbox 607 477 681 522; x_wconf 90' lang='lat' dir='ltr'>eum</span> <span class='ocrx_word' id='word_1_9' title='bbox 706 475 825 524; x_wconf 89' lang='lat' dir='ltr'>manua</span> <span class='ocrx_word' id='word_1_10' title='bbox 845 459 1065 543; x_wconf 69' lang='lat' dir='ltr'>intentarent,</span> <span class='ocrx_word' id='word_1_11' title='bbox 1093 459 1184 530; x_wconf 86' lang='lat' dir='ltr'>ultra</span> <span class='ocrx_word' id='word_1_12' title='bbox 1200 469 1329 532; x_wconf 57' lang='lat' dir='ltr'>metues</span> 
     </span>
     <span class='ocr_line' id='line_1_3' title="bbox 256 557 1329 657; baseline 0.004 -28"><span class='ocrx_word' id='word_1_13' title='bbox 256 565 391 630; x_wconf 85' lang='lat' dir='ltr'>bantur.</span> <span class='ocrx_word' id='word_1_14' title='bbox 433 557 545 645; x_wconf 80' lang='lat' dir='ltr'>Igitur</span> <span class='ocrx_word' id='word_1_15' title='bbox 571 558 677 627; x_wconf 84' lang='lat' dir='ltr'>Gaius</span> <span class='ocrx_word' id='word_1_16' title='bbox 690 557 831 644; x_wconf 38' lang='lat' dir='ltr'>,cestius</span> <span class='ocrx_word' id='word_1_17' title='bbox 849 572 983 631; x_wconf 88' lang='lat' dir='ltr'>senator</span> <span class='ocrx_word' id='word_1_18' title='bbox 996 563 1175 633; x_wconf 87' lang='lat' dir='ltr'>disseruit:</span> <span class='ocrx_word' id='word_1_19' title='bbox 1203 569 1329 657; x_wconf 89' lang='lat' dir='ltr'>princi-</span> 
     </span>
     <span class='ocr_line' id='line_1_4' title="bbox 134 658 1329 757; baseline 0.002 -25"><span class='ocrx_word' id='word_1_20' title='bbox 134 658 146 671; x_wconf 81' lang='grc'><strong>“</strong></span> <span class='ocrx_word' id='word_1_21' title='bbox 255 686 316 754; x_wconf 85' lang='lat' dir='ltr'>pce</span> <span class='ocrx_word' id='word_1_22' title='bbox 331 661 463 752; x_wconf 90' lang='lat' dir='ltr'>quidam</span> <span class='ocrx_word' id='word_1_23' title='bbox 478 661 587 729; x_wconf 90' lang='lat' dir='ltr'>instar</span> <span class='ocrx_word' id='word_1_24' title='bbox 603 661 737 732; x_wconf 84' lang='lat' dir='ltr'>dearum</span> <span class='ocrx_word' id='word_1_25' title='bbox 752 687 842 748; x_wconf 84' lang='lat' dir='ltr'>ease3</span> <span class='ocrx_word' id='word_1_26' title='bbox 869 667 929 733; x_wconf 88' lang='lat' dir='ltr'>sed</span> <span class='ocrx_word' id='word_1_27' title='bbox 949 691 1055 757; x_wconf 89' lang='lat' dir='ltr'>neque</span> <span class='ocrx_word' id='word_1_28' title='bbox 1075 692 1093 735; x_wconf 89' lang='lat' dir='ltr'>n</span> <span class='ocrx_word' id='word_1_29' title='bbox 1116 668 1169 734; x_wconf 89' lang='lat' dir='ltr'>dis</span> <span class='ocrx_word' id='word_1_30' title='bbox 1190 671 1255 736; x_wconf 89' lang='lat' dir='ltr'>nisi</span> <span class='ocrx_word' id='word_1_31' title='bbox 1275 671 1329 735; x_wconf 89' lang='lat' dir='ltr'>iu-</span> 
     </span>
     <span class='ocr_line' id='line_1_5' title="bbox 255 766 1328 872; baseline 0.003 -37"><span class='ocrx_word' id='word_1_32' title='bbox 255 775 328 836; x_wconf 90' lang='lat' dir='ltr'>stas</span> <span class='ocrx_word' id='word_1_33' title='bbox 350 766 535 872; x_wconf 63' lang='lat' dir='ltr'>supplicum</span> <span class='ocrx_word' id='word_1_34' title='bbox 556 789 672 856; x_wconf 90' lang='lat' dir='ltr'>preces</span> <span class='ocrx_word' id='word_1_35' title='bbox 689 767 818 850; x_wconf 89' lang='lat' dir='ltr'>audiri,</span> <span class='ocrx_word' id='word_1_36' title='bbox 842 793 949 860; x_wconf 89' lang='lat' dir='ltr'>neque</span> <span class='ocrx_word' id='word_1_37' title='bbox 964 794 1161 862; x_wconf 91' lang='lat' dir='ltr'>quemquam</span> <span class='ocrx_word' id='word_1_38' title='bbox 1177 773 1210 839; x_wconf 91' lang='lat' dir='ltr'>in</span> <span class='ocrx_word' id='word_1_39' title='bbox 1223 772 1328 861; x_wconf 79' lang='lat' dir='ltr'>Capi-</span> 
     </span>
     <span class='ocr_line' id='line_1_6' title="bbox 253 869 1327 962; baseline 0.001 -23"><span class='ocrx_word' id='word_1_40' title='bbox 253 873 372 939; x_wconf 86' lang='lat' dir='ltr'>tolium</span> <span class='ocrx_word' id='word_1_41' title='bbox 397 869 502 936; x_wconf 87' lang='lat' dir='ltr'>aliave</span> <span class='ocrx_word' id='word_1_42' title='bbox 520 869 615 936; x_wconf 92' lang='lat' dir='ltr'>urbis</span> <span class='ocrx_word' id='word_1_43' title='bbox 637 873 761 960; x_wconf 90' lang='lat' dir='ltr'>templa</span> <span class='ocrx_word' id='word_1_44' title='bbox 784 875 979 962; x_wconf 75' lang='lat' dir='ltr'><strong>perfugere,</strong></span> <span class='ocrx_word' id='word_1_45' title='bbox 1006 885 1046 944; x_wconf 91' lang='lat' dir='ltr'>ut</span> <span class='ocrx_word' id='word_1_46' title='bbox 1060 899 1099 943; x_wconf 88' lang='lat' dir='ltr'>ea</span> <span class='ocrx_word' id='word_1_47' title='bbox 1115 875 1264 943; x_wconf 87' lang='lat' dir='ltr'>subsidio</span> <span class='ocrx_word' id='word_1_48' title='bbox 1281 874 1327 941; x_wconf 91' lang='lat' dir='ltr'>ad</span> 
     </span>
     <span class='ocr_line' id='line_1_7' title="bbox 254 973 1326 1062; baseline 0.002 -20"><span class='ocrx_word' id='word_1_49' title='bbox 254 976 381 1062; x_wconf 80' lang='lat' dir='ltr'>flagitia</span> <span class='ocrx_word' id='word_1_50' title='bbox 402 981 530 1042; x_wconf 88' lang='lat' dir='ltr'>utatur.</span> <span class='ocrx_word' id='word_1_51' title='bbox 579 973 740 1042; x_wconf 82' lang='lat' dir='ltr'>Abulites</span> <span class='ocrx_word' id='word_1_52' title='bbox 760 977 851 1061; x_wconf 87' lang='lat' dir='ltr'>leges</span> <span class='ocrx_word' id='word_1_53' title='bbox 874 985 909 1044; x_wconf 92' lang='lat' dir='ltr'>et</span> <span class='ocrx_word' id='word_1_54' title='bbox 930 977 1081 1047; x_wconf 78' lang='lat' dir='ltr'>funditus</span> <span class='ocrx_word' id='word_1_55' title='bbox 1104 1001 1237 1062; x_wconf 87' lang='lat' dir='ltr'>versas,</span> <span class='ocrx_word' id='word_1_56' title='bbox 1264 979 1326 1046; x_wconf 92' lang='lat' dir='ltr'>ubi</span> 
     </span>
     <span class='ocr_line' id='line_1_8' title="bbox 252 1075 1324 1170; baseline 0 -22"><span class='ocrx_word' id='word_1_57' title='bbox 252 1081 288 1148; x_wconf 88' lang='lat' dir='ltr'>in</span> <span class='ocrx_word' id='word_1_58' title='bbox 308 1079 400 1160; x_wconf 88' lang='lat' dir='ltr'>iura,</span> <span class='ocrx_word' id='word_1_59' title='bbox 422 1079 457 1144; x_wconf 91' lang='lat' dir='ltr'>in</span> <span class='ocrx_word' id='word_1_60' title='bbox 476 1075 588 1143; x_wconf 88' lang='lat' dir='ltr'>limine</span> <span class='ocrx_word' id='word_1_61' title='bbox 605 1079 716 1144; x_wconf 89' lang='lat' dir='ltr'>curiae</span> <span class='ocrx_word' id='word_1_62' title='bbox 730 1079 770 1144; x_wconf 91' lang='lat' dir='ltr'>ab</span> <span class='ocrx_word' id='word_1_63' title='bbox 788 1081 900 1147; x_wconf 83' lang='lat' dir='ltr'>Annia</span> <span class='ocrx_word' id='word_1_64' title='bbox 916 1082 1059 1164; x_wconf 84' lang='lat' dir='ltr'>liulilla,</span> <span class='ocrx_word' id='word_1_65' title='bbox 1081 1105 1179 1170; x_wconf 83' lang='lat' dir='ltr'>quam</span> <span class='ocrx_word' id='word_1_66' title='bbox 1193 1081 1324 1149; x_wconf 85' lang='lat' dir='ltr'>fraudis</span> 
     </span>
     <span class='ocr_line' id='line_1_9' title="bbox 253 1177 1325 1270; baseline 0.002 -21"><span class='ocrx_word' id='word_1_67' title='bbox 253 1178 317 1251; x_wconf 89' lang='lat' dir='ltr'>sub</span> <span class='ocrx_word' id='word_1_68' title='bbox 337 1179 447 1249; x_wconf 89' lang='lat' dir='ltr'>iudice</span> <span class='ocrx_word' id='word_1_69' title='bbox 469 1177 711 1264; x_wconf 75' lang='lat' dir='ltr'>damnavisset,</span> <span class='ocrx_word' id='word_1_70' title='bbox 741 1181 864 1270; x_wconf 90' lang='lat' dir='ltr'>probra</span> <span class='ocrx_word' id='word_1_71' title='bbox 885 1186 952 1252; x_wconf 85' lang='lat' dir='ltr'>sibi</span> <span class='ocrx_word' id='word_1_72' title='bbox 974 1193 1009 1254; x_wconf 88' lang='lat' dir='ltr'>et</span> <span class='ocrx_word' id='word_1_73' title='bbox 1030 1187 1137 1253; x_wconf 88' lang='lat' dir='ltr'>minae</span> <span class='ocrx_word' id='word_1_74' title='bbox 1150 1185 1325 1253; x_wconf 88' lang='lat' dir='ltr'>intendan-</span> 
     </span>
     <span class='ocr_line' id='line_1_10' title="bbox 252 1283 1324 1379; baseline 0.001 -25"><span class='ocrx_word' id='word_1_75' title='bbox 252 1297 329 1368; x_wconf 88' lang='lat' dir='ltr'>tur,</span> <span class='ocrx_word' id='word_1_76' title='bbox 360 1305 467 1372; x_wconf 90' lang='lat' dir='ltr'>neque</span> <span class='ocrx_word' id='word_1_77' title='bbox 490 1283 563 1372; x_wconf 89' lang='lat' dir='ltr'>ipse</span> <span class='ocrx_word' id='word_1_78' title='bbox 586 1283 709 1350; x_wconf 87' lang='lat' dir='ltr'>audeat</span> <span class='ocrx_word' id='word_1_79' title='bbox 726 1283 779 1350; x_wconf 90' lang='lat' dir='ltr'>ius</span> <span class='ocrx_word' id='word_1_80' title='bbox 802 1287 945 1376; x_wconf 85' lang='lat' dir='ltr'>experiri</span> <span class='ocrx_word' id='word_1_81' title='bbox 967 1289 1009 1356; x_wconf 89' lang='lat' dir='ltr'>ab</span> <span class='ocrx_word' id='word_1_82' title='bbox 1025 1289 1324 1379; x_wconf 80' lang='lat' dir='ltr'>effigiem&#39;impara-</span> 
     </span>
     <span class='ocr_line' id='line_1_11' title="bbox 251 1385 1324 1481; baseline 0 -22"><span class='ocrx_word' id='word_1_83' title='bbox 251 1391 338 1459; x_wconf 90' lang='lat' dir='ltr'>toris</span> <span class='ocrx_word' id='word_1_84' title='bbox 360 1387 561 1478; x_wconf 89' lang='lat' dir='ltr'>appositam.</span> <span class='ocrx_word' id='word_1_85' title='bbox 603 1385 705 1454; x_wconf 87' lang='lat' dir='ltr'>Haud</span> <span class='ocrx_word' id='word_1_86' title='bbox 725 1387 903 1457; x_wconf 77' lang='lat' dir='ltr'>dissimilia</span> <span class='ocrx_word' id='word_1_87' title='bbox 923 1391 998 1473; x_wconf 91' lang='lat' dir='ltr'>alii,</span> <span class='ocrx_word' id='word_1_88' title='bbox 1026 1401 1061 1459; x_wconf 87' lang='lat' dir='ltr'>ct</span> <span class='ocrx_word' id='word_1_89' title='bbox 1076 1391 1208 1481; x_wconf 89' lang='lat' dir='ltr'>quidam</span> <span class='ocrx_word' id='word_1_90' title='bbox 1232 1401 1324 1459; x_wconf 91' lang='lat' dir='ltr'>atro·</span> 
     </span>
     <span class='ocr_line' id='line_1_12' title="bbox 252 1489 1324 1581; baseline -0.002 -20"><span class='ocrx_word' id='word_1_91' title='bbox 252 1498 343 1561; x_wconf 88' lang='lat' dir='ltr'>ciera</span> <span class='ocrx_word' id='word_1_92' title='bbox 361 1489 699 1580; x_wconf 77' lang='lat' dir='ltr'>circumstrepebant3</span> <span class='ocrx_word' id='word_1_93' title='bbox 729 1494 1015 1581; x_wconf 77' lang='lat' dir='ltr'>precabanturque</span> <span class='ocrx_word' id='word_1_94' title='bbox 1030 1493 1202 1571; x_wconf 89' lang='lat' dir='ltr'>Drusum,</span> <span class='ocrx_word' id='word_1_95' title='bbox 1223 1493 1324 1560; x_wconf 89' lang='lat' dir='ltr'>daret</span> 
     </span>
     <span class='ocr_line' id='line_1_13' title="bbox 251 1591 1322 1686; baseline -0.003 -21"><span class='ocrx_word' id='word_1_96' title='bbox 251 1596 391 1665; x_wconf 89' lang='lat' dir='ltr'>ultiouis</span> <span class='ocrx_word' id='word_1_97' title='bbox 413 1594 618 1683; x_wconf 82' lang='lat' dir='ltr'>exemplum,</span> <span class='ocrx_word' id='word_1_98' title='bbox 647 1591 750 1662; x_wconf 88' lang='lat' dir='ltr'>donec</span> <span class='ocrx_word' id='word_1_99' title='bbox 769 1597 906 1663; x_wconf 86' lang='lat' dir='ltr'>accitam</span> <span class='ocrx_word' id='word_1_100' title='bbox 923 1597 1170 1686; x_wconf 70' lang='lat' dir='ltr'>candelamque</span> <span class='ocrx_word' id='word_1_101' title='bbox 1182 1597 1322 1662; x_wconf 89' lang='lat' dir='ltr'>attineri</span> 
     </span>
     <span class='ocr_line' id='line_1_14' title="bbox 250 1695 1323 1794; baseline 0.001 -27"><span class='ocrx_word' id='word_1_102' title='bbox 250 1701 386 1794; x_wconf 89' lang='lat' dir='ltr'>publica</span> <span class='ocrx_word' id='word_1_103' title='bbox 414 1695 566 1763; x_wconf 87' lang='lat' dir='ltr'>custodia</span> <span class='ocrx_word' id='word_1_104' title='bbox 592 1697 706 1767; x_wconf 86' lang='lat' dir='ltr'>iussit.</span> <span class='ocrx_word' id='word_1_105' title='bbox 759 1703 815 1768; x_wconf 84' lang='lat'>37.</span> <span class='ocrx_word' id='word_1_106' title='bbox 851 1699 895 1768; x_wconf 86' lang='lat' dir='ltr'>Et</span> <span class='ocrx_word' id='word_1_107' title='bbox 916 1699 1095 1771; x_wconf 79' lang='lat' dir='ltr'>Considius</span> <span class='ocrx_word' id='word_1_108' title='bbox 1118 1702 1261 1788; x_wconf 84' lang='lat' dir='ltr'>Aequus</span> <span class='ocrx_word' id='word_1_109' title='bbox 1286 1707 1323 1768; x_wconf 88' lang='lat' dir='ltr'>et</span> 
     </span>
     <span class='ocr_line' id='line_1_15' title="bbox 252 1797 1321 1893; baseline -0.001 -23"><span class='ocrx_word' id='word_1_110' title='bbox 252 1802 387 1870; x_wconf 80' lang='lat' dir='ltr'>Coelius</span> <span class='ocrx_word' id='word_1_111' title='bbox 416 1797 544 1868; x_wconf 84' lang='lat' dir='ltr'>Cursor</span> <span class='ocrx_word' id='word_1_112' title='bbox 571 1801 700 1887; x_wconf 83' lang='lat' dir='ltr'>equites</span> <span class='ocrx_word' id='word_1_113' title='bbox 727 1799 885 1886; x_wconf 80' lang='lat' dir='ltr'>Romani,</span> <span class='ocrx_word' id='word_1_114' title='bbox 915 1803 1005 1893; x_wconf 90' lang='lat' dir='ltr'>quod</span> <span class='ocrx_word' id='word_1_115' title='bbox 1024 1805 1113 1872; x_wconf 86' lang='lat' dir='ltr'>lictis</span> <span class='ocrx_word' id='word_1_116' title='bbox 1135 1805 1321 1871; x_wconf 87' lang='lat' dir='ltr'>maiestatis</span> 
     </span>
     <span class='ocr_line' id='line_1_16' title="bbox 251 1901 1322 1998; baseline -0.002 -24"><span class='ocrx_word' id='word_1_117' title='bbox 251 1905 446 1974; x_wconf 86' lang='lat' dir='ltr'>criminibus</span> <span class='ocrx_word' id='word_1_118' title='bbox 472 1901 618 1989; x_wconf 83' lang='lat' dir='ltr'>Magium</span> <span class='ocrx_word' id='word_1_119' title='bbox 647 1902 870 1973; x_wconf 83' lang='lat' dir='ltr'>Caecilianum</span> <span class='ocrx_word' id='word_1_120' title='bbox 899 1917 1086 1996; x_wconf 88' lang='lat' dir='ltr'>praetorem</span> <span class='ocrx_word' id='word_1_121' title='bbox 1110 1909 1322 1998; x_wconf 81' lang='lat' dir='ltr'>petivissent,</span> 
     </span>
     <span class='ocr_line' id='line_1_17' title="bbox 251 2005 1321 2102; baseline -0.001 -25"><span class='ocrx_word' id='word_1_122' title='bbox 251 2019 387 2077; x_wconf 89' lang='lat' dir='ltr'>auctore</span> <span class='ocrx_word' id='word_1_123' title='bbox 400 2007 549 2098; x_wconf 86' lang='lat' dir='ltr'>principa</span> <span class='ocrx_word' id='word_1_124' title='bbox 564 2029 601 2073; x_wconf 92' lang='lat' dir='ltr'>ac</span> <span class='ocrx_word' id='word_1_125' title='bbox 615 2005 748 2075; x_wconf 81' lang='lat' dir='ltr'>decreto</span> <span class='ocrx_word' id='word_1_126' title='bbox 763 2019 897 2077; x_wconf 90' lang='lat' dir='ltr'>senatus</span> <span class='ocrx_word' id='word_1_127' title='bbox 913 2011 1033 2102; x_wconf 86' lang='lat' dir='ltr'>puniti.</span> <span class='ocrx_word' id='word_1_128' title='bbox 1074 2009 1264 2098; x_wconf 87' lang='lat' dir='ltr'>Utrumque</span> <span class='ocrx_word' id='word_1_129' title='bbox 1285 2011 1321 2076; x_wconf 90' lang='lat' dir='ltr'>in</span> 
     </span>
     <span class='ocr_line' id='line_1_18' title="bbox 249 2109 1322 2181; baseline -0.003 0"><span class='ocrx_word' id='word_1_130' title='bbox 249 2111 383 2181; x_wconf 88' lang='lat' dir='ltr'>laudem</span> <span class='ocrx_word' id='word_1_131' title='bbox 405 2109 514 2178; x_wconf 80' lang='lat' dir='ltr'>Drusi</span> <span class='ocrx_word' id='word_1_132' title='bbox 534 2109 749 2179; x_wconf 86' lang='lat' dir='ltr'>trahebatur:</span> <span class='ocrx_word' id='word_1_133' title='bbox 779 2113 820 2178; x_wconf 92' lang='lat' dir='ltr'>ab</span> <span class='ocrx_word' id='word_1_134' title='bbox 842 2135 881 2180; x_wconf 91' lang='lat' dir='ltr'>eo</span> <span class='ocrx_word' id='word_1_135' title='bbox 902 2115 936 2181; x_wconf 90' lang='lat' dir='ltr'>iu</span> <span class='ocrx_word' id='word_1_136' title='bbox 956 2115 1039 2181; x_wconf 89' lang='lat' dir='ltr'>urbe</span> <span class='ocrx_word' id='word_1_137' title='bbox 1055 2115 1143 2180; x_wconf 89' lang='lat' dir='ltr'>inter</span> <span class='ocrx_word' id='word_1_138' title='bbox 1158 2123 1272 2180; x_wconf 78' lang='lat' dir='ltr'>coetum</span> <span class='ocrx_word' id='word_1_139' title='bbox 1285 2120 1322 2178; x_wconf 89' lang='lat' dir='ltr'>et</span> 
     </span>
     <span class='ocr_line' id='line_1_19' title="bbox 251 2213 1320 2307; baseline 0.004 -22"><span class='ocrx_word' id='word_1_140' title='bbox 251 2237 420 2285; x_wconf 82' lang='lat' dir='ltr'>sermones</span> <span class='ocrx_word' id='word_1_141' title='bbox 446 2213 613 2280; x_wconf 88' lang='lat' dir='ltr'>bominum</span> <span class='ocrx_word' id='word_1_142' title='bbox 641 2213 839 2282; x_wconf 87' lang='lat' dir='ltr'>obversante</span> <span class='ocrx_word' id='word_1_143' title='bbox 867 2226 996 2285; x_wconf 88' lang='lat' dir='ltr'>acereta</span> <span class='ocrx_word' id='word_1_144' title='bbox 1025 2219 1133 2307; x_wconf 88' lang='lat' dir='ltr'>patris</span> <span class='ocrx_word' id='word_1_145' title='bbox 1160 2217 1320 2304; x_wconf 80' lang='lat' dir='ltr'>mitigari.</span> 
     </span>
     <span class='ocr_line' id='line_1_20' title="bbox 250 2317 1320 2410; baseline -0.002 -22"><span class='ocrx_word' id='word_1_146' title='bbox 250 2321 371 2408; x_wconf 84' lang='lat' dir='ltr'>Neque</span> <span class='ocrx_word' id='word_1_147' title='bbox 389 2319 488 2385; x_wconf 86' lang='lat' dir='ltr'>luxus</span> <span class='ocrx_word' id='word_1_148' title='bbox 507 2317 541 2383; x_wconf 93' lang='lat' dir='ltr'>in</span> <span class='ocrx_word' id='word_1_149' title='bbox 560 2319 677 2384; x_wconf 88' lang='lat' dir='ltr'>iuvene</span> <span class='ocrx_word' id='word_1_150' title='bbox 699 2317 782 2385; x_wconf 90' lang='lat' dir='ltr'>adeo</span> <span class='ocrx_word' id='word_1_151' title='bbox 805 2319 1022 2410; x_wconf 78' lang='lat' dir='ltr'>displicebat:</span> <span class='ocrx_word' id='word_1_152' title='bbox 1050 2321 1112 2386; x_wconf 89' lang='lat' dir='ltr'>buc</span> <span class='ocrx_word' id='word_1_153' title='bbox 1137 2321 1248 2410; x_wconf 88' lang='lat' dir='ltr'>potius</span> <span class='ocrx_word' id='word_1_154' title='bbox 1270 2321 1320 2386; x_wconf 90' lang='lat' dir='ltr'>in-</span> 
     </span>
     <span class='ocr_line' id='line_1_21' title="bbox 250 2419 1319 2504; baseline -0.003 -12"><span class='ocrx_word' id='word_1_155' title='bbox 250 2425 420 2504; x_wconf 82' lang='lat' dir='ltr'>tenderet,</span> <span class='ocrx_word' id='word_1_156' title='bbox 449 2419 535 2486; x_wconf 86' lang='lat' dir='ltr'>diam</span> <span class='ocrx_word' id='word_1_157' title='bbox 559 2419 864 2504; x_wconf 84' lang='lat' dir='ltr'>aedificationibus,</span> <span class='ocrx_word' id='word_1_158' title='bbox 886 2429 1013 2489; x_wconf 88' lang='lat' dir='ltr'>noctem</span> <span class='ocrx_word' id='word_1_159' title='bbox 1034 2423 1193 2490; x_wconf 78' lang='lat' dir='ltr'>conviviis</span> <span class='ocrx_word' id='word_1_160' title='bbox 1210 2425 1319 2490; x_wconf 74' lang='lat' dir='ltr'>tralle-</span> 
     </span>
     <span class='ocr_line' id='line_1_22' title="bbox 250 2525 1319 2615; baseline -0.001 -20"><span class='ocrx_word' id='word_1_161' title='bbox 250 2535 322 2610; x_wconf 90' lang='lat' dir='ltr'>ret,</span> <span class='ocrx_word' id='word_1_162' title='bbox 344 2547 442 2615; x_wconf 93' lang='lat' dir='ltr'>quam</span> <span class='ocrx_word' id='word_1_163' title='bbox 464 2525 557 2592; x_wconf 89' lang='lat' dir='ltr'>solus</span> <span class='ocrx_word' id='word_1_164' title='bbox 572 2533 607 2591; x_wconf 89' lang='lat' dir='ltr'>et</span> <span class='ocrx_word' id='word_1_165' title='bbox 622 2525 725 2590; x_wconf 91' lang='lat' dir='ltr'>nullis</span> <span class='ocrx_word' id='word_1_166' title='bbox 739 2527 966 2614; x_wconf 89' lang='lat' dir='ltr'>voluptatibus</span> <span class='ocrx_word' id='word_1_167' title='bbox 982 2535 1139 2596; x_wconf 87' lang='lat' dir='ltr'>avocatus</span> <span class='ocrx_word' id='word_1_168' title='bbox 1158 2535 1319 2596; x_wconf 88' lang='lat' dir='ltr'>moestam</span> 
     </span>
     <span class='ocr_line' id='line_1_23' title="bbox 249 2631 927 2722; baseline -0.007 -21"><span class='ocrx_word' id='word_1_169' title='bbox 249 2631 455 2722; x_wconf 80' lang='lat' dir='ltr'>vigilantiam</span> <span class='ocrx_word' id='word_1_170' title='bbox 471 2635 506 2694; x_wconf 85' lang='lat' dir='ltr'>st</span> <span class='ocrx_word' id='word_1_171' title='bbox 519 2631 624 2694; x_wconf 90' lang='lat' dir='ltr'>malas</span> <span class='ocrx_word' id='word_1_172' title='bbox 637 2649 735 2694; x_wconf 91' lang='lat' dir='ltr'>curas</span> <span class='ocrx_word' id='word_1_173' title='bbox 749 2637 927 2696; x_wconf 85' lang='lat' dir='ltr'>exemeret.</span> 
     </span>
     <span class='ocr_line' id='line_1_24' title="bbox 351 2731 1319 2814; baseline 0.004 -16"><span class='ocrx_word' id='word_1_174' title='bbox 351 2737 405 2804; x_wconf 90' lang='grc'>38.</span> <span class='ocrx_word' id='word_1_175' title='bbox 423 2731 462 2805; x_wconf 89' lang='lat' dir='ltr'>N</span> <span class='ocrx_word' id='word_1_176' title='bbox 463 2753 505 2799; x_wconf 91' lang='lat' dir='ltr'>an</span> <span class='ocrx_word' id='word_1_177' title='bbox 520 2735 606 2798; x_wconf 90' lang='lat' dir='ltr'>enim</span> <span class='ocrx_word' id='word_1_178' title='bbox 618 2731 790 2814; x_wconf 89' lang='lat' dir='ltr'>Tiberius,</span> <span class='ocrx_word' id='word_1_179' title='bbox 804 2753 868 2798; x_wconf 89' lang='lat' dir='ltr'>non</span> <span class='ocrx_word' id='word_1_180' title='bbox 884 2739 1093 2799; x_wconf 79' lang='lat' dir='ltr'>accusatores</span> <span class='ocrx_word' id='word_1_181' title='bbox 1106 2731 1319 2804; x_wconf 77' lang='lat' dir='ltr'>fatiscebant.</span> 
     </span>
     <span class='ocr_line' id='line_1_25' title="bbox 248 2833 1319 2925; baseline -0.006 -17"><span class='ocrx_word' id='word_1_182' title='bbox 248 2841 295 2908; x_wconf 86' lang='lat' dir='ltr'>Et</span> <span class='ocrx_word' id='word_1_183' title='bbox 311 2837 502 2905; x_wconf 84' lang='lat' dir='ltr'>Ancharius</span> <span class='ocrx_word' id='word_1_184' title='bbox 518 2833 656 2903; x_wconf 89' lang='lat' dir='ltr'>Priscus</span> <span class='ocrx_word' id='word_1_185' title='bbox 672 2833 827 2904; x_wconf 85' lang='lat' dir='ltr'>Caesium</span> <span class='ocrx_word' id='word_1_186' title='bbox 842 2833 987 2904; x_wconf 82' lang='lat' dir='ltr'>Cordum</span> <span class='ocrx_word' id='word_1_187' title='bbox 1005 2855 1066 2925; x_wconf 92' lang='lat' dir='ltr'>pro</span> <span class='ocrx_word' id='word_1_188' title='bbox 1087 2837 1220 2903; x_wconf 87' lang='lat' dir='ltr'>consule</span> <span class='ocrx_word' id='word_1_189' title='bbox 1235 2834 1319 2905; x_wconf 83' lang='lat' dir='ltr'>Cre·</span> 
     </span>
     <span class='ocr_line' id='line_1_26' title="bbox 250 2935 1319 3030; baseline -0.004 -22"><span class='ocrx_word' id='word_1_190' title='bbox 250 2954 307 3009; x_wconf 85' lang='lat' dir='ltr'>tae</span> <span class='ocrx_word' id='word_1_191' title='bbox 331 2939 559 3030; x_wconf 83' lang='lat' dir='ltr'>postulaverat</span> <span class='ocrx_word' id='word_1_192' title='bbox 580 2937 793 3027; x_wconf 88' lang='lat' dir='ltr'>repetundis,</span> <span class='ocrx_word' id='word_1_193' title='bbox 824 2935 938 3005; x_wconf 90' lang='lat' dir='ltr'>addito</span> <span class='ocrx_word' id='word_1_194' title='bbox 961 2936 1147 3005; x_wconf 87' lang='lat' dir='ltr'>maiestatis</span> <span class='ocrx_word' id='word_1_195' title='bbox 1171 2937 1319 3022; x_wconf 87' lang='lat' dir='ltr'>crimine,</span> 
     </span>
     <span class='ocr_line' id='line_1_27' title="bbox 250 3041 1318 3131; baseline 0.002 -23"><span class='ocrx_word' id='word_1_196' title='bbox 250 3041 341 3131; x_wconf 92' lang='lat' dir='ltr'>quod</span> <span class='ocrx_word' id='word_1_197' title='bbox 371 3049 441 3105; x_wconf 91' lang='lat' dir='ltr'>tum</span> <span class='ocrx_word' id='word_1_198' title='bbox 472 3041 616 3104; x_wconf 91' lang='lat' dir='ltr'>omnium</span> <span class='ocrx_word' id='word_1_199' title='bbox 647 3043 892 3108; x_wconf 89' lang='lat' dir='ltr'>accusationum</span> <span class='ocrx_word' id='word_1_200' title='bbox 924 3041 1197 3130; x_wconf 86' lang='lat' dir='ltr'>complementum</span> <span class='ocrx_word' id='word_1_201' title='bbox 1231 3049 1318 3110; x_wconf 80' lang='lat' dir='ltr'>crat.</span> 
     </span>
     <span class='ocr_line' id='line_1_28' title="bbox 251 3139 1318 3232; baseline -0.001 -22"><span class='ocrx_word' id='word_1_202' title='bbox 251 3139 576 3216; x_wconf 84' lang='lat' dir='ltr'>CaesarAutistium</span> <span class='ocrx_word' id='word_1_203' title='bbox 590 3139 748 3209; x_wconf 84' lang='lat' dir='ltr'>Veterem</span> <span class='ocrx_word' id='word_1_204' title='bbox 763 3165 781 3208; x_wconf 88' lang='lat' dir='ltr'>e</span> <span class='ocrx_word' id='word_1_205' title='bbox 796 3143 999 3232; x_wconf 91' lang='lat' dir='ltr'>primoribus</span> <span class='ocrx_word' id='word_1_206' title='bbox 1014 3143 1238 3226; x_wconf 86' lang='lat' dir='ltr'>Macedoniae,</span> <span class='ocrx_word' id='word_1_207' title='bbox 1259 3145 1318 3209; x_wconf 92' lang='lat' dir='ltr'>ab·</span> 
     </span>
     <span class='ocr_line' id='line_1_29' title="bbox 250 3241 1318 3334; baseline -0.001 -17"><span class='ocrx_word' id='word_1_208' title='bbox 250 3251 398 3318; x_wconf 90' lang='lat' dir='ltr'>solutum</span> <span class='ocrx_word' id='word_1_209' title='bbox 419 3243 596 3320; x_wconf 87' lang='lat' dir='ltr'>adulterii,</span> <span class='ocrx_word' id='word_1_210' title='bbox 622 3241 794 3334; x_wconf 90' lang='lat' dir='ltr'>increpitis</span> <span class='ocrx_word' id='word_1_211' title='bbox 816 3245 982 3313; x_wconf 89' lang='lat' dir='ltr'>iudicibus</span> <span class='ocrx_word' id='word_1_212' title='bbox 999 3247 1041 3313; x_wconf 90' lang='lat' dir='ltr'>ad</span> <span class='ocrx_word' id='word_1_213' title='bbox 1061 3247 1232 3315; x_wconf 88' lang='lat' dir='ltr'>dicendam</span> <span class='ocrx_word' id='word_1_214' title='bbox 1249 3271 1318 3316; x_wconf 88' lang='lat' dir='ltr'>ma·</span> 
     </span>
     <span class='ocr_line' id='line_1_30' title="bbox 250 3348 1318 3444; baseline -0.002 -22"><span class='ocrx_word' id='word_1_215' title='bbox 250 3351 384 3424; x_wconf 77' lang='lat' dir='ltr'>instatis</span> <span class='ocrx_word' id='word_1_216' title='bbox 405 3369 537 3416; x_wconf 89' lang='lat' dir='ltr'>causam</span> <span class='ocrx_word' id='word_1_217' title='bbox 559 3349 719 3429; x_wconf 82' lang='lat' dir='ltr'>retraxit,</span> <span class='ocrx_word' id='word_1_218' title='bbox 749 3355 789 3414; x_wconf 91' lang='lat' dir='ltr'>ut</span> <span class='ocrx_word' id='word_1_219' title='bbox 805 3348 976 3417; x_wconf 89' lang='lat' dir='ltr'>turbidum</span> <span class='ocrx_word' id='word_1_220' title='bbox 999 3359 1034 3416; x_wconf 91' lang='lat' dir='ltr'>et</span> <span class='ocrx_word' id='word_1_221' title='bbox 1056 3351 1318 3444; x_wconf 82' lang='lat' dir='ltr'>Rhescuporidis</span> 
     </span>
    </p>
   </div>
   <div class='ocr_carea' id='block_1_3' title="bbox 316 3491 1175 3562">
    <p class='ocr_par' dir='ltr' id='par_1_3' title="bbox 316 3491 1175 3562">
     <span class='ocr_line' id='line_1_31' title="bbox 316 3491 1175 3562; baseline -0.008 -10"><span class='ocrx_word' id='word_1_222' title='bbox 316 3495 347 3552; x_wconf 77' lang='lat' dir='ltr'>G·</span> <span class='ocrx_word' id='word_1_223' title='bbox 360 3496 403 3554; x_wconf 72' lang='lat'>37·</span> <span class='ocrx_word' id='word_1_224' title='bbox 436 3491 660 3556; x_wconf 62' lang='lat' dir='ltr'>transacturus.</span> <span class='ocrx_word' id='word_1_225' title='bbox 694 3495 731 3544; x_wconf 77' lang='lat' dir='ltr'>At</span> <span class='ocrx_word' id='word_1_226' title='bbox 747 3493 803 3544; x_wconf 77' lang='lat' dir='ltr'>MS.</span> <span class='ocrx_word' id='word_1_227' title='bbox 819 3493 957 3562; x_wconf 70' lang='lat' dir='ltr'>trabere,</span> <span class='ocrx_word' id='word_1_228' title='bbox 978 3505 1031 3546; x_wconf 88' lang='lat' dir='ltr'>non</span> <span class='ocrx_word' id='word_1_229' title='bbox 1047 3493 1175 3547; x_wconf 84' lang='lat' dir='ltr'>deterius.</span> 
     </span>
    </p>
   </div>
   <div class='ocr_carea' id='block_1_4' title="bbox 247 3627 1321 4183">
    <p class='ocr_par' dir='ltr' id='par_1_4' title="bbox 247 3627 1321 3838">
     <span class='ocr_line' id='line_1_32' title="bbox 299 3627 1319 3700; baseline -0.006 -12"><span class='ocrx_word' id='word_1_230' title='bbox 299 3639 345 3690; x_wconf 78' lang='lat' dir='ltr'>taos</span> <span class='ocrx_word' id='word_1_231' title='bbox 372 3632 519 3700; x_wconf 69' lang='lat' dir='ltr'>currerint]</span> <span class='ocrx_word' id='word_1_232' title='bbox 548 3629 671 3696; x_wconf 79' lang='lat' dir='ltr'>Experiri</span> <span class='ocrx_word' id='word_1_233' title='bbox 698 3627 760 3696; x_wconf 82' lang='lat' dir='ltr'>quid</span> <span class='ocrx_word' id='word_1_234' title='bbox 803 3629 1017 3682; x_wconf 80' lang='lat' dir='ltr'>rationibus</span> <span class='ocrx_word' id='word_1_235' title='bbox 1034 3631 1188 3696; x_wconf 69' lang='lat' dir='ltr'>republica</span> <span class='ocrx_word' id='word_1_236' title='bbox 1205 3629 1319 3696; x_wconf 71' lang='lat' dir='ltr'>qnidam</span> 
     </span>
     <span class='ocr_line' id='line_1_33' title="bbox 247 3701 1320 3766; baseline -0.011 -4"><span class='ocrx_word' id='word_1_237' title='bbox 247 3711 291 3762; x_wconf 89' lang='lat' dir='ltr'>ius</span> <span class='ocrx_word' id='word_1_238' title='bbox 310 3707 403 3760; x_wconf 82' lang='lat' dir='ltr'>valeat</span> <span class='ocrx_word' id='word_1_239' title='bbox 418 3708 552 3756; x_wconf 82' lang='lat' dir='ltr'>adversus</span> <span class='ocrx_word' id='word_1_240' title='bbox 566 3703 760 3752; x_wconf 84' lang='lat' dir='ltr'>contumaciam</span> <span class='ocrx_word' id='word_1_241' title='bbox 802 3701 859 3750; x_wconf 82' lang='lat' dir='ltr'>nisi</span> <span class='ocrx_word' id='word_1_242' title='bbox 870 3701 925 3750; x_wconf 84' lang='lat' dir='ltr'>duo</span> <span class='ocrx_word' id='word_1_243' title='bbox 937 3713 1025 3764; x_wconf 79' lang='lat' dir='ltr'>opera</span> <span class='ocrx_word' id='word_1_244' title='bbox 1034 3701 1166 3766; x_wconf 82' lang='lat' dir='ltr'>structi,</span> <span class='ocrx_word' id='word_1_245' title='bbox 1187 3703 1320 3765; x_wconf 80' lang='lat' dir='ltr'>tempium</span> 
     </span>
     <span class='ocr_line' id='line_1_34' title="bbox 248 3769 1321 3838; baseline -0.01 -9"><span class='ocrx_word' id='word_1_246' title='bbox 248 3786 276 3829; x_wconf 86' lang='lat' dir='ltr'>et</span> <span class='ocrx_word' id='word_1_247' title='bbox 289 3779 429 3838; x_wconf 66' lang='lat' dir='ltr'>nostorum</span> <span class='ocrx_word' id='word_1_248' title='bbox 442 3773 607 3835; x_wconf 66' lang='lat' dir='ltr'>religionem.</span> <span class='ocrx_word' id='word_1_249' title='bbox 802 3771 929 3836; x_wconf 68' lang='lat' dir='ltr'>napum</span> <span class='ocrx_word' id='word_1_250' title='bbox 960 3772 990 3821; x_wconf 86' lang='lat' dir='ltr'>et</span> <span class='ocrx_word' id='word_1_251' title='bbox 1019 3783 1133 3820; x_wconf 82' lang='lat' dir='ltr'>scenam</span> <span class='ocrx_word' id='word_1_252' title='bbox 1158 3769 1321 3833; x_wconf 79' lang='lat' dir='ltr'>Porapetuni</span> 
     </span>
    </p>

    <p class='ocr_par' dir='ltr' id='par_1_5' title="bbox 248 3837 1319 3966">
     <span class='ocr_line' id='line_1_35' title="bbox 295 3837 1319 3909; baseline -0.01 -12"><span class='ocrx_word' id='word_1_253' title='bbox 295 3845 403 3909; x_wconf 70' lang='lat' dir='ltr'>panos</span> <span class='ocrx_word' id='word_1_254' title='bbox 413 3841 556 3901; x_wconf 73' lang='lat' dir='ltr'>mutuatio]</span> <span class='ocrx_word' id='word_1_255' title='bbox 568 3839 760 3905; x_wconf 68' lang='lat' dir='ltr'>Carcerempp.</span> <span class='ocrx_word' id='word_1_256' title='bbox 802 3837 923 3904; x_wconf 75' lang='lat' dir='ltr'>theatri,</span> <span class='ocrx_word' id='word_1_257' title='bbox 940 3839 991 3907; x_wconf 79' lang='lat' dir='ltr'>vl,</span> <span class='ocrx_word' id='word_1_258' title='bbox 1004 3837 1048 3891; x_wconf 74' lang='lat'>45.</span> <span class='ocrx_word' id='word_1_259' title='bbox 1065 3839 1173 3902; x_wconf 75' lang='lat' dir='ltr'>Lipsius</span> <span class='ocrx_word' id='word_1_260' title='bbox 1186 3837 1319 3890; x_wconf 66' lang='lat' dir='ltr'>adinum·</span> 
     </span>
     <span class='ocr_line' id='line_1_36' title="bbox 248 3907 961 3966; baseline -0.015 0"><span class='ocrx_word' id='word_1_261' title='bbox 248 3913 368 3966; x_wconf 86' lang='lat' dir='ltr'>militari.</span> <span class='ocrx_word' id='word_1_262' title='bbox 803 3909 852 3960; x_wconf 84' lang='lat' dir='ltr'>bus</span> <span class='ocrx_word' id='word_1_263' title='bbox 865 3907 961 3960; x_wconf 85' lang='lat' dir='ltr'>intulit.</span> 
     </span>
    </p>

    <p class='ocr_par' dir='ltr' id='par_1_6' title="bbox 248 3973 1319 4183">
     <span class='ocr_line' id='line_1_37' title="bbox 300 3973 1319 4042; baseline -0.003 -15"><span class='ocrx_word' id='word_1_264' title='bbox 300 3983 330 4032; x_wconf 85' lang='lat' dir='ltr'>c.</span> <span class='ocrx_word' id='word_1_265' title='bbox 350 3983 393 4032; x_wconf 78' lang='lat'>³7.</span> <span class='ocrx_word' id='word_1_266' title='bbox 431 3975 688 4042; x_wconf 70' lang='lat' dir='ltr'>aedificationibus]</span> <span class='ocrx_word' id='word_1_267' title='bbox 711 3973 761 4024; x_wconf 83' lang='lat' dir='ltr'>ni·</span> <span class='ocrx_word' id='word_1_268' title='bbox 852 3977 882 4028; x_wconf 81' lang='grc'>0.</span> <span class='ocrx_word' id='word_1_269' title='bbox 896 3979 941 4030; x_wconf 80' lang='lat'>38.</span> <span class='ocrx_word' id='word_1_270' title='bbox 973 3976 1141 4042; x_wconf 77' lang='lat' dir='ltr'>repetundis</span> <span class='ocrx_word' id='word_1_271' title='bbox 1153 3987 1207 4027; x_wconf 86' lang='lat' dir='ltr'>nou</span> <span class='ocrx_word' id='word_1_272' title='bbox 1219 3973 1319 4025; x_wconf 85' lang='lat' dir='ltr'>omisso</span> 
     </span>
     <span class='ocr_line' id='line_1_38' title="bbox 249 4043 1319 4116; baseline -0.007 -18"><span class='ocrx_word' id='word_1_273' title='bbox 249 4063 345 4101; x_wconf 83' lang='lat' dir='ltr'>versus</span> <span class='ocrx_word' id='word_1_274' title='bbox 368 4059 385 4097; x_wconf 86' lang='lat' dir='ltr'>a</span> <span class='ocrx_word' id='word_1_275' title='bbox 407 4053 499 4116; x_wconf 83' lang='lat' dir='ltr'>patre,</span> <span class='ocrx_word' id='word_1_276' title='bbox 529 4047 573 4109; x_wconf 84' lang='lat' dir='ltr'>qui</span> <span class='ocrx_word' id='word_1_277' title='bbox 595 4043 759 4108; x_wconf 75' lang='lat' dir='ltr'>improbante</span> <span class='ocrx_word' id='word_1_278' title='bbox 802 4045 837 4100; x_wconf 86' lang='lat' dir='ltr'>de</span> <span class='ocrx_word' id='word_1_279' title='bbox 850 4047 949 4097; x_wconf 84' lang='lat' dir='ltr'>dictum</span> <span class='ocrx_word' id='word_1_280' title='bbox 963 4053 1022 4108; x_wconf 85' lang='lat' dir='ltr'>cst,</span> <span class='ocrx_word' id='word_1_281' title='bbox 1047 4047 1094 4096; x_wconf 86' lang='lat' dir='ltr'>sed</span> <span class='ocrx_word' id='word_1_282' title='bbox 1108 4043 1319 4095; x_wconf 83' lang='lat' dir='ltr'>instrumentalis</span> 
     </span>
     <span class='ocr_line' id='line_1_39' title="bbox 248 4109 1301 4183; baseline -0.01 -13"><span class='ocrx_word' id='word_1_283' title='bbox 248 4119 329 4182; x_wconf 79' lang='lat' dir='ltr'>vulgo</span> <span class='ocrx_word' id='word_1_284' title='bbox 343 4117 466 4167; x_wconf 65' lang='lat' dir='ltr'>aemeliano</span> <span class='ocrx_word' id='word_1_285' title='bbox 478 4113 604 4178; x_wconf 73' lang='lat' dir='ltr'>priuatis</span> <span class='ocrx_word' id='word_1_286' title='bbox 621 4109 704 4165; x_wconf 83' lang='lat' dir='ltr'>aedi</span> <span class='ocrx_word' id='word_1_287' title='bbox 712 4111 757 4176; x_wconf 75' lang='lat' dir='ltr'>si·</span> <span class='ocrx_word' id='word_1_288' title='bbox 801 4123 862 4183; x_wconf 86' lang='lat' dir='ltr'>est,</span> <span class='ocrx_word' id='word_1_289' title='bbox 877 4127 926 4180; x_wconf 86' lang='lat' dir='ltr'>pro</span> <span class='ocrx_word' id='word_1_290' title='bbox 939 4117 1170 4179; x_wconf 77' lang='lat' dir='ltr'>repetundorum</span> <span class='ocrx_word' id='word_1_291' title='bbox 1181 4111 1301 4164; x_wconf 83' lang='lat' dir='ltr'>crimine.</span> 
     </span>
    </p>
   </div>
   <div class='ocr_carea' id='block_1_5' title="bbox 0 0 1412 4806">
    <p class='ocr_par' dir='ltr' id='par_1_7' title="bbox 0 0 1412 4806">
     <span class='ocr_line' id='line_1_40' title="bbox 0 0 1412 4806; baseline 0 2"><span class='ocrx_word' id='word_1_292' title='bbox 0 0 1412 4806; x_wconf 95' lang='lat' dir='ltr'> </span> 
     </span>
    </p>
   </div>
  </div>
 </body>
</html>
