2814 4808
379 257 483 332 ern
511 255 705 374 acar.
729 261 888 336 se-ae
1123 263 1168 332 ar
1233 215 1236 223 ¹

94 457 243 522 catenum
261 453 303 518 ut
321 425 549 523 crederentur
568 445 713 525 caruis,
739 447 891 518 trucibus
905 445 1010 520 adbuc
1023 471 1089 520 ron
1102 449 1217 518 nni-14.

98 577 162 624 nus
183 553 367 643 asperitate
386 547 527 619 remedii
546 570 644 636 quam
667 550 805 619 sceleris
823 553 992 624 memoria.
1044 551 1170 624 Centu-

98 660 265 728 rioratum
285 653 365 724 inde
387 655 465 740 egit.
508 652 633 720 citatus
650 650 691 718 ab
705 651 904 742 imperatore
918 679 1057 741 nomen,
1079 657 1170 726 crdi-

96 783 190 842 nem,
214 757 380 848 patriam,
408 775 581 822 numerum
603 753 866 842 stipendiorum,
889 781 974 844 quae
987 769 1122 830 strenue
1135 761 1171 830 in

96 864 240 956 praeliis
259 861 414 943 iecisset,
442 857 543 926 etcui
555 865 651 924 crant
663 856 750 925 dona
764 860 944 942 militaria,
964 861 1095 944 edebat.
1138 861 1171 931 si

96 967 247 1048 tribuni,
278 964 309 1032 si
330 963 418 1048 legio
437 959 638 1028 industriam
663 961 947 1055 innocentiamque
968 966 1173 1056 approbave-

97 1075 197 1151 rant,
221 1067 390 1135 retinebat
409 1063 564 1149 ordines3
595 1067 653 1131 ubi
671 1066 845 1134 avaritiam
867 1075 926 1136 aut
939 1065 1172 1138 crudelitatem

99 1193 266 1240 censensu
281 1169 549 1250 obiectavisscut,
562 1169 752 1237 solvebatur
765 1170 898 1241 militia.
937 1173 995 1239 45.
1017 1169 1074 1238 Sic
1084 1165 1175 1262 eom-

100 1276 225 1366 pcsitis
238 1271 474 1365 praesentibus
486 1269 576 1340 haud
594 1272 701 1340 minor
716 1273 820 1340 moles
834 1259 1011 1364 superarat
1024 1271 1066 1338 ob
1085 1273 1175 1375 iero·¹

100 1379 187 1444 ciam
217 1379 354 1464 quintae
379 1380 415 1440 et
438 1375 694 1444 unetvicesimae
717 1377 903 1464 legionum,
930 1378 1175 1462 sexagesimum

101 1477 194 1570 apud
214 1478 361 1570 lapidem
398 1478 489 1565 (loco
513 1475 641 1546 Vetera
668 1501 786 1549 nomen
814 1481 885 1568 est)
919 1478 1176 1548 hibernentium.
1310 1505 1313 1511 ·

102 1584 191 1652 Nam
208 1583 310 1676 primi
324 1579 521 1650 seditionem
536 1589 790 1672 coaptaverunt3
812 1581 1055 1650 amarissimum
1071 1576 1177 1672 quod·
1222 1601 1227 1614 ⁸

103 1711 171 1778 que
194 1689 323 1755 lacinus
343 1685 459 1750 horum
480 1685 633 1752 manibus
656 1691 844 1774 patratum
878 1709 937 1752 nec
958 1707 1064 1776 poena
1088 1708 1177 1771 coru-

107 1791 295 1858 militonum
316 1787 468 1855 exterriti
488 1809 548 1856 nec
570 1787 772 1878 poenitentia
793 1789 944 1856 conuersi
963 1789 1034 1856 iras
1050 1789 1176 1854 retine-

109 1893 205 1962 bant.
251 1889 359 1978 Igitur
378 1889 505 1962 Caesar
529 1912 641 1968 arma,
668 1891 829 1973 classem,
863 1893 974 1959 socios
1001 1879 1178 1960 demittere

110 1994 227 2062 Rheno
239 2003 351 2086 parat,
370 1996 402 2062 si
418 1994 596 2082 imperium
610 1993 832 2077 detrectetur‚
852 1994 941 2062 bello
955 2001 1157 2066 certaturus.

212 2102 267 2168 46.
293 2099 347 2166 Ac
365 2097 493 2166 Romae
513 2097 657 2165 nondum
678 2099 829 2186 cognito,
856 2099 916 2188 qui
934 2099 1056 2166 inisset
1069 2101 1179 2168 exitus

109 2197 145 2267 in
155 2198 315 2290 Illyrico,
335 2209 370 2268 et
382 2203 549 2290 legionum
562 2201 833 2270 Germanicarum
847 2209 941 2270 motu
956 2202 1088 2285 audito,
1110 2211 1181 2269 trc-

108 2303 189 2396 pida
202 2306 322 2374 civitas
337 2307 489 2374 incusare
504 2305 691 2388 Tiberium,
712 2303 819 2394 quod,
841 2301 919 2370 dum
933 2313 1047 2395 patrea
1060 2312 1095 2372 et
1107 2307 1182 2396 ple·

107 2405 203 2492 bem,
232 2405 379 2478 invalido
400 2417 436 2478 et
454 2407 616 2500 inermia,
649 2407 859 2475 cunctatione
879 2409 958 2476 ficta
976 2406 1182 2492 ludificetur,

110 2510 278 2580 dissideat
302 2512 436 2580 interim
467 2514 584 2594 milas,
615 2533 722 2600 reque
750 2509 890 2578 duorum
918 2509 1180 2580 adulescentium

111 2613 255 2682 nandum
276 2613 391 2682 adulta
409 2615 609 2684 auctoritate
632 2615 806 2704 comprimi
828 2621 941 2704 queat.
991 2611 1046 2678 lre
1070 2613 1183 2702 ipsum

111 2725 148 2784 et
167 2739 336 2820 opponere
357 2718 563 2786 maiestatem
584 2717 832 2808 imperatoriam
853 2715 1009 2782 debuisse
1026 2715 1186 2800 cessuris,

111 2821 171 2888 ubi
188 2821 369 2910 principem
387 2824 486 2910 longa
498 2822 704 2912 experientia
718 2819 924 2908 eundemque
939 2819 1130 2887 severitatis
1149 2829 1184 2888 et

114 2925 361 2992 munificentiae
380 2948 543 2994 summum
568 2924 743 2993 uidissent.
791 2922 852 2991 An
873 2923 1067 3008 Augustum
1092 2925 1184 2992 fessa

115 3031 231 3094 aetate
259 3025 381 3092 totiens
400 3027 435 3094 in
454 3027 650 3125 Germanias
673 3048 858 3096 commeare
883 3027 1053 3117 potuisse:
1080 3027 1185 3097 Tibe-

182 3181 214 3235 G.
228 3179 272 3234 44.
308 3181 384 3234 Mna
401 3184 552 3238 Emestlus.
580 3189 637 3238 ΜΕ.
657 3185 796 3254 docueris,
819 3199 872 3250 quo
891 3185 996 3239 nemine
1013 3179 1185 3253 ἀναθήματα

147 3255 251 3304 uotum
265 3253 423 3313 templorum
434 3255 628 3320 significantur.
651 3259 776 3307 nendum
788 3249 1014 3322 exdateoypaptp
1026 3263 1134 3324 uanam,
1152 3257 1186 3309 ob

147 3322 267 3374 vicinum
278 3322 437 3390 militaria,
452 3325 553 3392 utVI,
569 3323 614 3378 48.
631 3325 782 3377 ludibria
799 3324 1057 3388 etcertcararta.

111 3473 173 3535 ‚ttae
183 3475 321 3530 inminere
334 3477 483 3547 potuerint,
499 3477 631 3547 lnoelltgl-
675 3481 797 3531 Vettern
805 3491 827 3538 ‚··
844 3477 891 3532 alli
911 3477 957 3531 ubi
977 3478 1114 3546 Xuntan,
1137 3475 1187 3530 alii

119 3547 311 3600 aarum.
324 3545 368 3599 ⁴³.
391 3551 465 3601 Eun.
672 3547 719 3598 ubl
735 3549 937 3614 scrutantem.

171 3648 413 3711 centurionatum]
445 3650 469 3700 1.
488 3664 513 3700 c.
534 3664 632 3702 censu·
674 3613 1187 3752 Aug'zgf'fljffiffi'gmeffltoffleat.

676 3892 717 3942 cis
730 3891 1116 3944 cattinteroena'retantnon
1124 3893 1188 3942 lon-
1256 3897 1265 3913 ¹

676 3973 712 4028 pe
730 3961 855 4024 abesset,
880 3961 1048 4010 Ravennam
1065 3963 1113 4012 vet
1124 3961 1189 4012 Mc·

171 4021 201 4074 (t.
215 4021 260 4077 45.
304 4025 424 4088 Vetera]
448 4025 512 4079 Scil-
533 4037 634 4095 castro,
677 4031 822 4082 dicturum
834 4029 880 4078 ret
890 4028 1048 4095 Aquileiam
1059 4031 1191 4095 aequent

117 4099 147 4144 ut
166 4091 240 4146 illst.
258 4095 372 4164 1V,2³·
394 4095 442 4149 ubl
460 4095 538 4150 node
554 4099 634 4152 vicus
678 4098 747 4152 arte
758 4098 956 4165 progrediens,
990 4100 1041 4152 Dte
1054 4100 1129 4164 btv,
1146 4099 1189 4150 2⁰·
