2862 4810
380 249 484 323 Lib.
505 248 570 322 xl.
615 247 919 330 caman-25.
1120 251 1187 324 mu

112 447 164 510 tes
187 439 224 508 ia
250 459 369 508 nomen
390 445 540 510 anstrum
563 439 802 511 onelesnereat.
849 439 948 506 ‘l'nno
970 435 1079 508 solida
1095 437 1237 512 domins.

111 547 228 634 quies,
252 551 288 612 et
310 544 472 614 aduersus
494 551 632 612 exterae
646 543 839 626 floruimus,
859 563 933 608 num
949 540 1187 632 Transpadani

112 649 148 716 ia
167 649 336 716 nivitotem
358 647 501 738 renepti,
530 669 607 714 oum
628 648 739 736 speeie
759 644 976 714 deduntarum
993 665 1055 734 per
1071 647 1184 714 orbem

113 758 222 819 terrae
245 751 413 838 legionum
435 749 560 818 additis
580 751 831 842 provintialium
857 747 1074 816 validissimis
1094 750 1186 818 insen

111 853 250 944 imperio
270 854 468 924 subventum
484 861 550 922 est.
592 853 683 924 Num
697 852 847 944 poenitet
862 849 990 920 Bulbos
1004 875 1044 920 ex
1059 852 1187 944 Hispa-

111 957 165 1026 uia
185 979 246 1026 eae
269 958 379 1025 miuus
400 957 550 1044 insignes
567 956 658 1026 uiros
675 980 693 1024 e
709 955 821 1026 Gallie
834 953 1048 1025 Narbonensi
1062 957 1186 1025 baasi·

112 1055 223 1130 vissei
254 1062 392 1130 Maneat
403 1059 530 1150 posteri
547 1081 675 1142 eorum,
693 1081 753 1127 aen
767 1079 880 1125 amore
895 1059 929 1125 ia
943 1059 1027 1128 bano
1040 1060 1185 1150 petriam

111 1163 207 1232 uobis
235 1163 432 1234 ooaoeduut.
482 1161 574 1250 Quid
603 1161 694 1230 aliud
724 1161 826 1230 exitio
849 1159 1122 1231 Lacedaemoniis
1151 1171 1188 1232 et

112 1267 376 1336 Atheniensibus
391 1267 475 1348 init,
495 1289 681 1356 quanquam
697 1267 799 1332 armis
814 1266 997 1354 pollerent,
1018 1267 1082 1335 uisi
1096 1267 1187 1356 quod

113 1370 219 1438 rintos
238 1393 302 1458 pro
322 1370 519 1458 alienigenis
540 1363 722 1436 arnebaati
756 1371 809 1438 At
824 1367 978 1436 eonditor
990 1369 1188 1440 noeterlio·

114 1475 224 1542 mulus
237 1481 366 1542 tantum
380 1475 545 1564 sapientie
560 1475 687 1554 veluit,
714 1479 754 1540 ut
768 1475 946 1562 plerosque
967 1475 1111 1560 populos
1130 1495 1188 1542 eo·

114 1573 188 1644 dem
201 1577 256 1644 die
269 1578 400 1658 metes,
427 1575 505 1644 dein
520 1575 609 1644 nives
622 1574 786 1642 babuerit.
831 1575 992 1644 Adveaae
1006 1577 1041 1644 iu
1055 1600 1116 1646 nos
1131 1599 1187 1646 re-

115 1687 307 1764 gnaverant.
348 1679 596 1748 Libertiaorum
612 1679 693 1746 liliis
708 1679 926 1764 magistratus
940 1679 1091 1749 mandari
1108 1703 1187 1764 aon,

115 1789 155 1848 ut
176 1783 326 1871 plerique
347 1783 529 1864 inlinatur,
556 1805 695 1874 repens,
716 1779 777 1849 sed
793 1782 897 1868 priori
916 1785 1186 1872 popnlniaatita·

115 1891 185 1954 tum
205 1893 270 1954 est.
314 1884 369 1954 At
386 1909 460 1954 oum
476 1885 662 1955 Senonibus
677 1873 909 1974 pugnauimus}
950 1885 1187 1958 SniiieetVol·

115 1989 164 2058 soi
186 1999 221 2056 et
238 1990 354 2077 Aequi
371 2011 539 2078 nunquam
557 1989 729 2056 adversam
745 1985 839 2056 uobis
856 1988 959 2055 aeiem
975 1987 1188 2061 insnuaerei

116 2089 254 2181 captia
281 2092 390 2160 Gallis
412 2115 540 2161 sumus.
584 2090 652 2159 Sed
674 2097 710 2157 et
728 2091 852 2158 'l'usnis
872 2091 1008 2162 obsides
1022 2093 1187 2178 dedimus,

114 2203 152 2262 et
164 2193 361 2264 Samnitium
376 2197 487 2283 iugum
501 2195 697 2265 subivimus.
737 2193 900 2264 Attamen
914 2195 945 2262 si
960 2206 1079 2266 nuanta
1095 2199 1187 2267 bella

114 2319 305 2383 reeeaseas,
331 2293 466 2386 nullum
480 2299 633 2368 breuiore
648 2297 759 2388 spatio
775 2319 874 2386 quem
893 2297 1054 2368 adversus
1067 2299 1187 2374 Gallos

114 2403 311 2472 ooaieotum.
363 2401 528 2473 Gontiana
553 2400 631 2470 lade
658 2422 696 2468 an
720 2399 788 2468 fida
809 2423 885 2491 pax.
932 2399 1004 2472 lam
1025 2403 1187 2486 moribus,

115 2505 262 2588 artibus,
284 2505 504 2578 affinitatibus
517 2505 644 2574 ansuis
657 2505 752 2572 mixti
767 2525 883 2572 aarum
897 2511 933 2570 nt
947 2525 1027 2593 opes
1040 2527 1121 2574 suae
1132 2507 1186 2574 ia-

114 2609 223 2678 taram
248 2610 361 2700 potius
389 2633 488 2699 quen
512 2607 662 2698 separati
689 2608 846 2678 babeant.
896 2607 1036 2690 Omnia,
1067 2615 1185 2697 patres

114 2713 307 2802 oonsoripti,
325 2735 411 2802 qaae
425 2735 511 2782 auao
523 2712 754 2782 uetustissima
766 2707 959 2793 ereduntur,
980 2732 1064 2778 nora
1079 2712 1185 2783 inere·

114 2813 234 2886 Plebei
250 2819 466 2903 magistratus
487 2823 568 2904 post
589 2815 766 2905 patritios,
793 2812 909 2881 Latini
927 2821 1006 2903 post
1024 2815 1186 2904 plebeios,

115 2926 302 2988 aetermam
329 2919 450 2989 ltaliae
477 2919 623 3006 gentium
649 2923 729 3009 post
755 2917 908 2988 Latinos.
962 2915 1189 2988 hesternenet

114 3023 177 3091 boo
191 3045 339 3113 quoque,
359 3033 394 3093 at
407 3021 498 3113 quod
512 3019 612 3090 bodie
627 3023 787 3112 exemplis
800 3030 950 3104 memor,
971 3021 1061 3090 inter
1077 3043 1188 3092 meru·

114 3129 170 3217 pla
191 3127 299 3196 erit.“
344 3129 403 3198 2³.
432 3125 628 3194 Orationem
649 3125 809 3217 principis
831 3131 947 3196 senato
964 3133 1097 3217 patrum
1110 3149 1189 3196 noa·
1232 3207 1235 3212 ,

115 3231 206 3300 sulto
229 3230 331 3322 prinu
320 3227 465 3298 Aedui
489 3229 712 3298 senatorum
699 3251 736 3298 ιιι
760 3231 884 3300 urbe
873 3253 928 3299 aas
955 3229 1070 3321 adepti
1092 3237 1186 3302 suat.

146 3387 430 3512 hammaim
447 3387 483 3440 e.
498 3395 527 3439 et
543 3387 602 3441 edt-
635 3387 739 3441 balla.
754 3388 887 3442 condunt·
899 3385 1046 3454 nostrin
1028 3387 1123 3456 utvl,
1140 3389 1187 3440 22.

166 3607 633 3671 mammllanotoataaaan-
674 3609 785 3694 xum
807 3606 853 3662 47.
877 3607 925 3662 soi
921 3623 1026 3694 mnae
1004 3602 1120 3673 ulubris
1135 3602 1190 3674 nie

115 3693 161 3744 pe.
201 3679 292 3742 linem
314 3679 390 3732 mixti
414 3691 432 3731 e
455 3691 523 3743 prov
506 3677 632 3732 munisti
672 3639 785 3744 interf
746 3672 978 3800 erepnpeees'na
979 3670 1189 3761 usdivdsenpt-

114 3751 169 3800 nee
190 3747 632 3815 superattendimus.
673 3761 742 3803 ssa.
764 3737 821 3812 μήτ
847 3745 876 3800 at
889 3760 931 3800 ene
945 3761 993 3812 erp

113 3819 197 3871 bure·
671 3814 748 3870 nisu
761 3808 944 3884 sammua
956 3763 1187 3882 πιῖιῆνγοι·

167 3883 396 3950 praemon]
421 3886 481 3938 Nea
494 3883 630 3950 monins
673 3897 735 3952 pes·
769 3885 850 3938 brae

114 3953 366 4018 ῃιιιῦιοιιιι.
400 3955 510 4008 Primus
528 3953 577 4006 tue
596 3953 631 4005 lt-
723 3949 981 4016 trentarespntto]
1007 3951 1076 4004 Naar
1096 3950 1189 4006 celita

113 4023 251 4077 aarum
264 4025 335 4076 ilios
347 4023 444 4090 elkgtt
458 4023 488 4074 ia
508 4029 631 4074 ιιιιιιιιι
673 4018 802 4090 dumeta,
822 4024 921 4086 tenen
934 4021 976 4074 bio
989 4020 1094 4086 egitur,
1110 4021 1187 4074 deni-

112 4099 142 4144 ιι
161 4095 368 4160 aagtstrauun
352 4091 501 4148 nunaut·
534 4090 631 4146 binc.
673 4053 1187 4154 nomadeceeserarertemtaest
