2814 4806
248 201 316 272 1⁰⁰
531 266 535 275 ,
628 189 943 266 tudanum

203 390 372 462 araneo
385 401 545 474 preepnre
557 383 650 462 ecte,
670 380 779 450 neeeie
792 381 1046 474 populatoribus
1059 388 1096 452 et
1112 383 1322 460 demicte

253 502 329 566 crte
351 487 439 580 apud
459 485 671 566 obsidentes,
703 486 858 574 regieque
878 498 1065 578 opportune
1083 490 1260 578 eruptione
1287 499 1323 560 et

253 600 397 668 adventu
416 589 570 678 legionie.
610 587 731 678 Neque
747 593 849 660 acienr
863 602 923 662 aut
940 595 1104 684 proelium
1119 592 1187 662 dici
1202 593 1324 664 dwue-

251 703 318 785 rit,
343 699 378 768 iu
396 717 464 786 qno
484 713 662 762 aemerme
682 715 723 760 ac
742 695 895 785 palentee
909 695 1069 768 trucidati
1080 705 1162 766 eunt
1173 699 1246 766 eine
1260 721 1323 768 no-

249 798 508 888 etroeenguiue·

350 907 407 974 tt).
434 898 559 968 Eodem
584 921 669 968 anno
690 899 876 970 Galliarum
891 900 1044 970 civitatee
1059 903 1102 970 ob
1117 901 1319 990 magnitudi-

249 1029 324 1080 nern
344 1004 433 1074 acrio
456 1000 556 1068 alieni
575 1000 789 1070 rebellionem
806 1010 1019 1092 coeptavere,
1046 1007 1143 1074 cuine
1157 1007 1320 1074 exstimu—

248 1116 339 1184 letor
360 1107 543 1176 acerrimus
562 1105 650 1174 inter
667 1105 835 1176 Treveros
851 1105 962 1174 luliue
975 1105 1116 1190 Florae,
1143 1107 1232 1198 epud
1249 1097 1320 1174 de?-

248 1217 334 1286 duee
347 1213 456 1284 iulius
468 1207 635 1277 Sacrovir.
674 1209 845 1278 Nobiliter
858 1209 1018 1280 ambobue
1034 1218 1070 1280 et
1084 1212 1244 1280 maiorum
1259 1212 1320 1278 bo-

247 1344 291 1390 ne
304 1321 411 1398 iacta,
432 1335 538 1403 eoque
551 1312 701 1382 Romana
714 1313 832 1382 civitae
846 1315 926 1380 olinr
941 1314 1038 1397 dete,
1058 1337 1131 1382 cu·
1151 1315 1188 1382 id
1203 1335 1319 1382 rarurn

248 1446 309 1494 nec
328 1420 395 1490 niei
412 1415 531 1486 virtuti
547 1415 692 1505 pretinm
709 1423 812 1490 cenet.
852 1414 884 1484 li
898 1418 1039 1490 eecretie
1054 1418 1249 1508 colloquiis,
1266 1419 1319 1484 ie-

246 1525 422 1596 rocieeinro
439 1539 570 1610 quoqne
590 1527 782 1608 assumpto,
805 1526 864 1586 eut
878 1520 1002 1606 quibua
1019 1520 1061 1588 ob
1073 1528 1254 1608 egestatem
1274 1541 1316 1588 ec

246 1635 371 1696 netum
387 1647 426 1690 ex
442 1621 578 1708 ssegitiie
595 1623 735 1688 nrexime
748 1622 907 1710 peccandi
928 1623 1157 1706 neooeeitudo,
1183 1643 1318 1712 compo·

246 1737 331 1798 nunt
346 1727 470 1796 Florus
490 1725 632 1811 Belgae,
657 1723 814 1792 Sacrovir
836 1726 1011 1816 propiorce
1035 1726 1153 1794 Galloa
1173 1725 1319 1797 concire.

246 1831 359 1918 lgitnr
380 1851 441 1917 per
460 1827 681 1896 conciliabula
697 1834 733 1894 et
750 1835 864 1896 coetue
877 1827 1037 1898 seditiosa
1050 1827 1260 1896 dieserebent
1273 1827 1319 1897 de

248 1933 493 2004 continuatione
516 1931 735 2014 tributorum,
764 1932 929 2019 gravitate
947 1935 1092 2014 teucria,
1116 1933 1257 2002 aeeritie
1276 1955 1317 2000 ac

248 2037 407 2126 superbia
438 2031 719 2123 praecidentium,
754 2043 790 2102 ot
819 2032 1011 2106 discordare
1038 2037 1176 2104 militem
1199 2035 1318 2104 audito

247 2136 437 2210 Germanici
456 2136 557 2204 exitio
578 2137 746 2224 egregium
767 2139 983 2208 rceumeudae
1001 2139 1153 2207 libertati
1172 2145 1319 2228 tcmpna,

245 2245 279 2314 oi
300 2243 368 2332 ipai
386 2241 562 2324 florenter,
580 2263 679 2329 quam
692 2241 789 2330 inope
802 2239 921 2325 Italia,
942 2265 1040 2332 qnam
1057 2242 1202 2310 imbellia
1216 2243 1318 2310 urba-¹

244 2369 289 2416 nc
310 2344 441 2436 plebea,
468 2343 553 2410 nibil
573 2343 719 2411 validum
741 2345 775 2411 in
796 2346 995 2413 exercitibus
1014 2345 1080 2412 nini
1096 2345 1186 2434 quod
1207 2351 1316 2412 exter·

244 2471 341 2532 num,
368 2447 566 2534 cogitarent.
618 2450 674 2518 tl.
709 2446 811 2516 Haud
834 2449 938 2516 ierme
957 2449 1027 2516 ulla
1048 2447 1167 2516 ciritae
1188 2448 1315 2516 uoco

243 2553 426 2622 eominibue
447 2552 519 2618 eiua
542 2558 653 2620 metue
673 2553 756 2618 init:
784 2550 845 2618 ned
863 2575 1003 2642 erupere
1021 2551 1121 2639 primi
1140 2547 1315 2620 Andecavi

243 2679 283 2724 ac
298 2657 441 2724 Turoni.
482 2651 634 2742 Quorum
651 2653 853 2722 Andecavos
872 2656 1005 2722 Aciliue
1025 2653 1149 2722 Aviola
1168 2653 1314 2738 legatue,

243 2759 352 2828 excite
371 2759 506 2825 cohorte
528 2779 613 2845 quae
633 2755 789 2843 Lugduni
811 2756 1016 2844 praesidium
1032 2753 1196 2842 agitabat,
1217 2776 1315 2822 coer-

242 2861 326 2926 cuit.
376 2857 509 2926 Turoni
528 2862 710 2948 legionario
737 2861 862 2943 milite,
894 2881 990 2949 quem
1013 2857 1178 2926 Viselliue
1197 2852 1314 2926 Varro

243 2961 413 3028 interioria
439 2959 636 3030 Germaniae
662 2966 795 3049 legatus
821 2965 979 3046 miserat,
1012 2961 1167 3050 oppreeei
1194 2960 1312 3028 codem

244 3063 369 3132 Aviola
382 3059 466 3127 duce
480 3071 515 3131 et
530 3065 727 3153 quibusdam
744 3067 930 3136 Galliarum
945 3063 1167 3153 primoribus,
1183 3066 1241 3153 qui
1257 3071 1313 3132 tu·

241 3167 313 3235 iere
337 3164 513 3250 auxilinm,
543 3189 609 3256 qno
630 3167 881 3237 dissimularent
898 3167 1116 3236 deiectionem
1138 3167 1313 3255 magisque

308 3357 401 3410 (3.39.
434 3358 951 3430 communerationem,
979 3361 1014 3415 Η.
1027 3361 1071 3430 11,
1086 3359 1132 3414 81.
1157 3359 1249 3430 1,11.
1264 3371 1313 3414 ee-

274 3429 377 3482 meruti
394 3429 548 3496 nokkerus,
573 3435 603 3480 nt
620 3441 646 3480 c.
657 3427 702 3482 ⁴5.
736 3433 773 3484 Δι
789 3434 847 3486 ΜΒ.
864 3443 1012 3486 occurren.

291 3615 321 3668 0.
333 3614 377 3670 40.
403 3613 586 3668 conciliabulo
602 3627 755 3668 convocan-
847 3616 1040 3672 discordare.
1055 3654 1063 3670 .
1078 3614 1210 3678 witon]
1236 3613 1314 3666 nm

240 3683 274 3734 do
292 3687 354 3735 eive
372 3687 536 3738 coucninndo
556 3687 638 3746 dunt,
657 3688 755 3737 coetus
797 3695 846 3748 pro
858 3688 978 3738 subtecto
991 3695 1062 3752 aaut,
1079 3685 1226 3753 cereptum
1239 3685 1315 3734 ren·

240 3756 369 3806 coeundo.
404 3757 502 3806 Eodem
522 3767 605 3804 eeneu
622 3753 678 3805 cie.
691 3757 754 3804 scu.
794 3767 851 3819 pun
865 3767 912 3816 pro
926 3757 1089 3818 praedicato.
1114 3755 1314 3814 loeopuneurn

239 3825 282 3872 23.
307 3823 443 3887 oontuugtc
460 3823 609 3874 couctte'um
625 3825 752 3875 coetum·
794 3823 886 3874 doleri
898 3833 959 3888 poet
973 3825 1076 3878 cottio.
1110 3825 1203 3876 born.

239 3901 302 3953 que,
316 3893 378 3940 coti.
387 3893 485 3942 cerie.
494 3894 531 3958 11,
545 3893 598 3958 24„
617 3891 668 3942 niet
682 3891 752 3956 quod

238 3959 358 4008 comitiae
378 3961 497 4020 tegruno
517 3969 594 4026 eunt,
616 3961 752 4011 concute-
845 3959 933 4012 (7.41.
966 3957 1131 4016 aeronibus]
1161 3955 1223 4008 litte
1242 3965 1314 4017 quae

237 4025 484 4082 ooucnnneeuuc
500 4030 645 4092 brume-V.
654 4044 682 4094 p.
691 4028 752 4081 tw·
794 4027 893 4082 Florae
906 4041 940 4082 oc
951 4029 1083 4082 secrevit
1096 4025 1263 4090 sparserant·
