2868 4802
219 271 289 339 374
600 263 914 336 numenium

175 462 351 526 cicentem
377 453 444 522 eibi
461 451 658 545 perniciem,
683 473 744 522 seu
762 451 980 522 Britannicus
1000 471 1111 520 rerum
1127 471 1189 518 sen
1202 447 1301 518 Nece
1414 431 1415 488 Ῐ

226 567 418 652 poteretnr3
450 579 564 626 verum
579 558 628 624 ita
642 555 737 626 dese
752 558 906 626 meritum
919 556 1119 636 Caesarem,
1137 555 1299 621 ntoitam
1414 599 1415 602 ,

226 666 306 732 usui
325 663 399 730 eius
421 661 641 750 impenderet.
682 661 864 730 convictam
877 659 1093 730 Messalinam
1107 665 1142 725 et
1158 657 1303 741 Siliums

227 787 328 854 peres
344 767 466 833 iterum
481 763 659 833 accusandi
672 787 792 834 censes
806 787 900 846 mse,
920 763 953 830 ai
967 761 1061 831 Nero
1075 761 1303 851 imperitaret,

181 869 184 876 ’
226 869 423 938 Britannico
436 891 651 950 successores
677 869 805 936 nulium
821 865 966 957 principi
978 865 1146 934 meritum.
1189 887 1227 932 ac
1240 885 1303 932 ne-
1414 883 1415 886 ’

228 995 346 1046 vencec
371 973 505 1042 insidiis
526 972 659 1042 demum
680 992 808 1040 omnem
828 967 989 1051 conuelli,
1016 969 1143 1037 meiere
1161 969 1303 1056 flagitio,

226 1097 326 1167 quum
341 1076 373 1144 si
392 1075 634 1166 impudicitiam
647 1075 773 1166 prieris
787 1073 936 1160 coniugis
949 1071 1158 1144 reticuisset.
1196 1093 1304 1161 quum

227 1201 328 1270 quem
349 1201 391 1247 us
411 1179 655 1270 impudicitiam
677 1177 810 1268 quidem
832 1197 919 1244 nnnc
937 1175 1058 1244 obesse
1071 1175 1227 1245 Pallante
1240 1173 1304 1242 ad-

227 1286 355 1366 nitere,
382 1285 513 1374 nequis
530 1285 695 1372 ambigat,
717 1283 838 1364 decus,
857 1275 1038 1368 pudorem,
1059 1299 1200 1370 corpus,
1220 1299 1303 1346 cun-

228 1393 285 1456 cta
303 1411 406 1474 regno
424 1389 544 1458 viliora
558 1389 694 1456 habere.
735 1385 829 1453 Hcec
843 1395 943 1474 atque
957 1383 1042 1451 tolie
1054 1381 1215 1451 dictitans
1230 1403 1301 1447 am-

229 1494 332 1582 plecti
345 1493 593 1574 Britannicum,
612 1490 718 1560 robur
731 1489 851 1556 astutis
865 1509 964 1576 qnam
978 1485 1209 1555 maturrimum
1224 1507 1303 1574 pre-

229 1599 318 1678 cari,
339 1595 437 1664 medo
457 1595 500 1662 od
520 1594 600 1662 dees
617 1593 715 1661 medo
729 1591 895 1682 adipsum
911 1589 1048 1658 medere
1062 1611 1179 1656 manus
1187 1633 1200 1666 ,
1221 1587 1304 1655 edc-

229 1701 393 1777 lesceret,
419 1699 527 1788 patrie
548 1699 700 1766 inimicos
722 1695 924 1783 depelleret,
948 1696 1067 1762 metris
1081 1693 1182 1761 otiam
1198 1693 1305 1760 inter-

231 1803 378 1870 iectureo
397 1803 629 1873 ulcisceretur.
680 1805 737 1872 66.
759 1797 800 1867 iu
818 1807 912 1867 tonte
927 1799 1014 1866 mele
1028 1819 1184 1864 curarum
1200 1795 1304 1866 Gian-

232 1901 311 1972 dius
326 1901 509 1973 valitudine
523 1902 664 1973 adversa
677 1902 879 1994 corripitur,
899 1899 1153 1992 refovendisque
1175 1901 1304 1970 viribus

300 2043 390 2099 (tce
422 2045 558 2100 accam
572 2049 671 2102 emittit
688 2051 742 2101 ita.

287 2181 650 2245 nrttasmccmecesscrs]
674 2183 749 2236 ilaec
791 2179 940 2237 messalina
952 2189 980 2232 et
993 2179 1156 2247 Agrippum
1185 2196 1238 2236 non
1252 2183 1305 2236 im-

235 2253 322 2305 verbe
335 2253 387 2306 loci
406 2253 590 2307 obscurissimi
603 2253 718 2305 traiectu
733 2265 750 2304 e
791 2254 919 2315 putentur
930 2263 999 2314 quac
1013 2253 1078 2302 bene
1090 2251 1174 2302 merui
1187 2253 1219 2302 de
1230 2253 1305 2314 prin-

234 2321 472 2387 circumsepta
485 2322 750 2387 pcatstttccmsuum
792 2319 871 2383 cipc3
900 2319 956 2370 iilis
986 2321 1058 2372 cutm
1088 2321 1209 2374 tectores
1230 2323 1302 2372 utte-

236 2390 324 2442 iocum
348 2393 455 2443 iamt.
499 2392 546 2444 Sic
570 2391 661 2444 omnia
686 2401 750 2456 epte
792 2390 1024 2456 resoluendum,
1047 2387 1109 2440 iuic
1129 2393 1231 2454 tentor,
1256 2389 1302 2452 qui

235 2461 391 2523 precedent,
408 2463 457 2514 icc
471 2461 663 2513 sententiarum
677 2459 751 2512 urdi-
793 2459 918 2508 cestimec
933 2469 966 2508 ac
980 2466 1165 2510 remuneretur
1177 2457 1304 2511 beneficio

235 2541 286 2582 uec
303 2529 461 2582 convictam
471 2529 648 2582 Messalinam
659 2541 693 2580 cc
706 2529 751 2580 st·
791 2527 820 2580 in
833 2541 893 2578 eum
905 2527 1022 2594 collem,
1038 2526 1152 2578 decscd‘
1176 2529 1241 2578 lieu
1252 2529 1305 2577 de-

235 2591 300 2648 lium
325 2601 364 2659 (in.
384 2613 409 2649 c.
429 2599 498 2664 qued
523 2598 698 2650 Messalinam
723 2605 751 2648 cc
793 2596 867 2646 tivns
884 2593 1010 2660 principi
1028 2607 1077 2658 pre
1100 2607 1172 2664 erpa
1194 2598 1306 2662 princi-

235 2665 330 2718 citium
341 2665 750 2729 convicissetJeccusendieen-
792 2677 870 2729 pem,
895 2668 924 2714 ut
938 2665 994 2728 vl,
1017 2665 1061 2714 ³0.
1090 2664 1235 2716 Publiceni
1254 2667 1307 2716 atti

236 2745 296 2791 nn
312 2747 392 2802 esec,
415 2736 442 2788 si
452 2735 622 2790 ermanricus
637 2747 751 2790 succee-
792 2733 898 2786 cdiuco.
916 2733 1058 2786 ecmoe
1072 2733 1234 2802 Soffcptuos
1247 2736 1308 2789 tie·

236 2815 284 2854 sor
307 2805 377 2854 teret
408 2807 484 2866 (erec
509 2805 579 2856 enim
604 2802 750 2856 Narcissus
792 2802 841 2854 scot.
873 2801 964 2854 Deru.

235 2883 271 2922 ex
282 2871 328 2938 tis,
341 2871 405 2938 quic
416 2874 448 2924 ct
464 2875 628 2926 acconam
640 2873 752 2924 Messo-
843 2882 919 2936 oc..
934 2867 1114 2934 reticuisset]
1133 2875 1236 2924 sensns
1249 2879 1308 2923 cst:

235 2939 407 2994 tisanam
420 2954 459 2994 ee
469 2941 528 3006 pitto
542 2941 707 3009 timemur,
722 2945 751 2994 nt
793 2953 836 3002 sc,
854 2936 962 2990 sinuuc
974 2939 1102 2992 reticeret
1112 2952 1248 2994 uovcmec
1264 2941 1309 2992 in-

237 3021 323 3071 suprs
337 3021 362 3058 c.
375 3011 434 3074 θὴς
456 3021 539 3072 peres
554 3009 651 3061 iterum
667 3011 709 3069 (i.
725 3023 751 3060 e.
795 3008 872 3058 cidiis
882 3008 985 3058 demum
998 3019 1100 3061 emnem
1112 3011 1236 3073 cenveiii,
1249 3023 1309 3061 ms·

232 3076 339 3140 witer
348 3089 459 3140 graver,
470 3089 538 3130 non:
553 3079 677 3140 easdch
688 3091 752 3129 esce
794 3077 837 3128 ius
848 3077 874 3128 id
888 3077 1015 3140 tingitina
1030 3077 1106 3142 tore,
1128 3091 1205 3142 quom
1218 3079 1243 3128 si
1256 3079 1308 3127 im-

238 3145 385 3198 ocenseudi
404 3158 503 3198 censes
524 3147 609 3210 (quet
620 3145 752 3210 Agrippi·
794 3145 948 3210 pudicitiom
975 3147 1072 3209 prieris
1098 3147 1218 3208 maingis
1238 3147 1307 3196 reti-

237 3227 290 3268 uoo
310 3213 490 3277 inmteuticm
507 3213 702 3278 coercuisset),
726 3213 752 3266 si
795 3213 907 3266 cuissct.
931 3215 1306 3275 manutenementum

238 3285 311 3338 rtem
325 3283 498 3346 impertisset.
525 3282 754 3336 OccvictaMec-
795 3281 929 3334 coniuret.
953 3283 1120 3336 rettcotocet
1146 3285 1306 3334 metuendus

237 3353 331 3408 calmo
356 3367 404 3416 pro
430 3351 564 3403 convictio
590 3354 754 3404 Messalinae
796 3355 847 3403 cet.
886 3351 1008 3402 Bitscrns
1029 3351 1147 3406 currsxtt
1165 3352 1308 3402 nmmum-

239 3425 330 3476 eedcm
344 3435 395 3474 usu
410 3422 508 3474 dictum
528 3435 579 3484 que
595 3421 626 3488 1,
641 3419 659 3472 8
677 3422 755 3473 occi-
794 3425 856 3487 act,
886 3421 1044 3484 quibusdam
1063 3423 1209 3488 prccamn.
1250 3421 1311 3472 iiiii

237 3491 417 3558 mccc'accur,
442 3503 501 3542 cum
518 3489 675 3552 praesertim
689 3491 754 3542 snb-
794 3491 884 3543 aliter.
917 3490 1008 3542 Denn.

239 3562 386 3614 stentivnm
406 3560 472 3612 illud
495 3559 651 3612 inusitatum
671 3567 754 3612 esset.
845 3557 931 3609 &msa
957 3559 1004 3609 vei
1024 3557 1129 3622 imperii
1153 3559 1311 3620 dtenicmem

237 3631 328 3686 ssew·
796 3627 840 3684 (ui
854 3627 888 3676 ii.
904 3627 928 3695 1,
941 3625 1006 3691 82),
1022 3629 1163 3694 morem
1175 3631 1221 3679 vei
1233 3637 1312 3680 sttui

289 3699 398 3751 cossum
436 3693 563 3764 principi
604 3695 754 3760 nucitum]
795 3695 912 3759 temam,
928 3707 1034 3762 corpor
1047 3699 1094 3748 vei
1107 3698 1270 3760 pudicitiam.

240 3767 316 3819 Ecce
335 3769 361 3818 st
379 3766 487 3820 sincere
506 3772 585 3828 suut,
606 3765 676 3816 nnuc
689 3779 753 3816 seu·
845 3764 963 3824 dudm]
993 3768 1053 3818 Neu
1069 3781 1149 3830 eoas,
1180 3765 1312 3831 Agrippi-

240 3845 299 3885 eum
317 3837 431 3886 retente
454 3833 554 3898 siquid
568 3833 625 3895 ipsc
639 3833 756 3898 inpriu-
795 3845 874 3900 uem,
902 3836 1096 3902 supplendum,
1119 3837 1168 3887 sed
1186 3839 1246 3887 eius
1265 3835 1312 3886 vci

239 3901 326 3966 cipcn
338 3903 566 3970 bencmcruisset,
580 3901 608 3952 id
621 3915 671 3966 prn
684 3901 754 3954 uitii·
796 3901 1120 3969 Agrippinensem
1150 3917 1202 3968 quo
1226 3919 1312 3955 unns·

240 3971 268 4022 io
286 3971 345 4022 iere
364 3973 435 4034 epud
452 3983 502 4022 ees
521 3973 567 4037 qni
587 3984 618 4022 se
632 3971 754 4023 insecte-
795 3971 908 4037 quimus
922 3973 1087 4038 Agrippinae
1103 3975 1200 4026 similis
1219 3977 1314 4025 adme-

239 4045 349 4104 reuiura
372 4039 450 4102 quesi
462 4044 513 4092 ooo
525 4038 614 4092 diust:
637 4041 753 4106 „impu
795 4039 855 4092 ueri
869 4041 981 4108 dicitur,
998 4046 1029 4094 ut
1043 4053 1070 4094 co
1082 4043 1142 4108 ipsc
1156 4053 1254 4096 cuncto
1267 4055 1314 4094 re·

238 4116 331 4162 untur
356 4109 419 4160 nihi
439 4119 509 4173 quse
526 4109 597 4162 roais
616 4109 702 4162 nonni
719 4107 754 4160 ds
795 4121 849 4175 gno
863 4109 961 4164 citiore
972 4112 1078 4167 mmet.
