2814 4808
229 330 273 403 18
605 317 922 394 Anunnluu

181 525 223 580 tt.
230 505 472 598 Tiberiumque
487 510 599 601 ipsum
613 509 826 581 victoriarum
839 527 988 590 suerum,
1009 529 1161 600 quaeque
1174 507 1209 578 in
1221 515 1302 600 toga

228 635 290 704 per
305 621 358 680 tot
371 635 474 681 annos
488 615 622 702 egregie
635 614 786 696 iecisset,
805 609 988 682 admonuit.
1029 611 1102 680 Nec
1117 611 1194 680 ideo
1214 614 1300 683 iram

228 715 302 782 eius
324 717 458 800 lenivit,
478 717 608 810 pridem
623 715 769 795 inuisus,
788 721 947 802 tauquam
964 713 1063 783 ducto
1078 717 1112 785 in
1129 719 1300 786 matrimo-

227 817 319 884 nium
333 817 519 910 Vipsania,
538 819 644 890 Marci
658 815 835 906 Agrippae
847 819 936 904 iilis,
956 841 1042 910 quae
1054 819 1218 911 quondam
1234 821 1298 890 Τί-

115 975 117 978 .
226 919 313 988 bcrii
334 945 419 992 uxor
439 925 563 1003 iuerat,
592 921 669 1010 plus
688 939 790 1008 quam
809 919 920 991 civilia
935 924 1096 1010 agitaret,
1117 922 1299 994 Pollionis-

225 1047 292 1116 que
303 1026 422 1096 Asinii
434 1027 539 1116 patris
553 1023 711 1090 ferocium
727 1023 899 1096 retineret.
949 1027 1004 1096 13.
1031 1023 1117 1095 Post
1129 1049 1214 1116 queo
1228 1027 1301 1094 Lu·

224 1131 299 1200 ciue
318 1129 505 1202 Arruntius
526 1123 615 1192 baud
636 1127 777 1194 multum
799 1123 993 1218 discrepans
1006 1151 1026 1195 e
1041 1127 1133 1198 Gelli
1147 1129 1298 1196 oratione

225 1233 364 1326 perinde
385 1227 538 1312 offendit,
564 1249 753 1320 quanquam
775 1229 915 1300 Tiberio
937 1233 1031 1298 nulle
1053 1241 1148 1300 vetus
1167 1233 1202 1300 iu
1224 1235 1298 1302 Ar-

225 1339 373 1406 runtium
389 1333 458 1400 irn:
482 1331 543 1399 sed
556 1331 706 1416 divitem,
729 1339 931 1424 promptum,
952 1333 1082 1402 artibus
1097 1337 1241 1424 egregiis
1259 1341 1297 1402 et

226 1441 301 1532 pori
320 1437 409 1502 foma
427 1433 577 1523 publice,
604 1439 832 1524 suspectabat
882 1437 1018 1528 Quippe
1039 1439 1219 1525 Augustus
1238 1459 1296 1506 su-

225 1539 350 1634 premis
365 1539 574 1606 sermonibus
588 1561 661 1606 cum
677 1547 855 1624 tractaret,
885 1541 1019 1630 quinem
1039 1539 1181 1629 adipisci
1200 1541 1295 1631 prin·

225 1645 331 1734 cipem
353 1645 463 1708 locum
487 1641 662 1710 suffecturi
683 1643 883 1726 ebnueront,
913 1651 973 1710 ent
994 1643 1140 1735 imperes
1158 1645 1295 1725 vellent,

222 1747 276 1816 vel
291 1741 393 1811 iidem
408 1752 547 1836 possent
562 1755 804 1837 cuperentque,
822 1747 972 1816 Marcum
987 1745 1150 1837 Lepidum
1164 1745 1296 1814 dixerut

221 1869 377 1940 capacem
397 1846 457 1916 sed
481 1857 731 1937 aspernantem,
765 1849 901 1918 Gallum
924 1849 1083 1917 Asinium
1105 1849 1236 1920 avidum
1256 1855 1294 1916 et

220 1954 399 2035 minorem,
427 1949 567 2018 Lucium
590 1951 796 2020 Arruntium
815 1973 881 2019 non
899 1951 1069 2039 iudignum
1093 1963 1128 2020 et
1145 1955 1177 2022 ei
1191 1973 1291 2022 casus

220 2057 360 2128 deretur
374 2075 546 2126 ausurum.
578 2053 634 2124 De
647 2055 816 2146 prioribus
829 2057 1054 2139 consentitnr3
1080 2078 1143 2144 pro
1155 2057 1292 2124 Arrun-

220 2161 271 2231 tio
292 2158 427 2250 quidam
444 2157 594 2228 Gnaeum
607 2153 763 2225 Pisonem
784 2157 971 2239 tradidere3
999 2179 1178 2248 omnesque
1193 2179 1291 2247 pree·

219 2271 275 2332 ter
293 2261 459 2356 Lepidum
481 2261 585 2329 variis
603 2281 678 2328 mox
696 2259 891 2342 criminibus
907 2266 1058 2330 struente
1071 2261 1209 2330 Tiberio
1223 2263 1291 2330 oir-

218 2365 388 2435 cumveuti
415 2369 507 2434 sunt.
562 2361 674 2430 Etiam
695 2361 841 2450 Quintus
862 2361 1024 2432 Haterius
1045 2371 1079 2433 et
1102 2366 1290 2434 Mamercus

221 2467 370 2540 Scaurus
408 2465 614 2557 suspicacem
653 2467 796 2532 animum
833 2469 1075 2555 perstrinxere3
1115 2467 1291 2553 Haterius,

218 2595 295 2641 cum
317 2573 477 2642 dixisset:
514 2591 688 2659 quousque
709 2569 868 2659 patieris,
901 2568 1045 2654 Caesar,
1077 2591 1144 2638 non
1169 2571 1288 2640 adesse

218 2683 321 2770 caput
338 2677 390 2745 rei
408 2667 583 2766 publicae?
627 2673 793 2756 Scaurus,
817 2672 895 2760 quie
911 2671 1041 2740 dixerat
1055 2695 1147 2760 spem
1160 2697 1234 2743 esee
1247 2697 1289 2744 ex

220 2802 261 2849 eo
282 2803 347 2848 non
364 2781 481 2848 irritos
498 2777 571 2846 iore
588 2784 725 2846 senatus
738 2797 873 2866 preces,
894 2775 983 2864 quod
999 2777 1154 2844 relationi
1170 2799 1290 2847 coneu-

218 2885 289 2950 lum
317 2882 391 2948 iure
416 2881 615 2948 tribuniciae
640 2879 819 2970 potuemus
844 2867 909 2946 nou
938 2875 1198 2950 intercessisset.
1246 2881 1289 2951 Iu

219 2985 395 3054 Haterium
410 2985 527 3052 statim
540 2985 692 3053 invectus
707 2989 776 3052 est·
813 2979 998 3064 Scaurum,
1022 2981 1077 3050 cui
1094 2983 1289 3076 implacabi-

284 3159 476 3227 Polttooicqee
489 3159 645 3210 Beroaldus.
668 3157 705 3208 At
717 3157 774 3208 818
785 3155 921 3210 Pollionis
929 3160 1060 3226 ,rruynd
1044 3167 1087 3212 eto
1104 3171 1156 3211 non
1175 3173 1288 3223 prorsus

250 3231 301 3285 ebs
287 3243 362 3284 hono
393 3229 495 3281 [reulus
514 3230 609 3280 seiten
631 3225 796 3276 correxeris:
819 3227 849 3278 ct
867 3191 1019 3293 Pollionis,
1043 3227 1188 3279 obcxttnm
1208 3229 1287 3280 vocis

250 3312 343 3364 preco·
363 3299 502 3366 effueret.
534 3299 576 3349 De
594 3295 722 3348 Pollionis
739 3295 842 3348 terocin
858 3297 932 3348 Suet.
944 3299 1014 3362 Aug.
1009 3261 1070 3349 48.
1091 3297 1164 3349 vell.
1178 3295 1222 3366 ίί,
1239 3297 1285 3350 86.

250 3369 346 3420 senec
360 3369 398 3420 lr.
411 3369 470 3434 111,
489 3370 533 3418 23
556 3367 647 3418 Dono

284 3437 316 3489 c.
331 3439 373 3489 18.
407 3447 569 3504 quostquam
580 3433 704 3487 nemun.
725 3431 876 3500 qonorbts.
893 3429 1021 3499 uthI,
1036 3433 1080 3484 19.

267 3606 300 3660 G
320 3608 362 3658 18.
401 3606 573 3668 Armentiue]
600 3605 731 3656 Hortense
772 3603 823 3662 de,
839 3603 907 3666 quot
926 3597 1060 3667 apertius,
1085 3615 1163 3666 quem
1177 3603 1284 3656 otberto

217 3673 265 3726 illc
281 3675 404 3726 διίίιιείίί
423 3676 553 3744 irni‚tetor
570 3675 603 3726 dc
617 3675 731 3738 quosc-
773 3671 874 3722 conduc
841 3671 1059 3736 uereqprotoqu
1043 3673 1154 3723 iubetur
1141 3673 1201 3734 ripr
1204 3687 1283 3738 monn,

218 3746 353 3808 neerp.
366 3743 426 3796 114.
772 3749 911 3804 senatum,
933 3737 1077 3801 quivutgo
1097 3741 1283 3801 eppeitebetur

269 3815 378 3873 omues]
401 3814 466 3866 Piso
482 3811 540 3874 111,
565 3809 607 3864 lb
635 3810 731 3862 enum
772 3810 859 3873 cerret
871 3804 1041 3870 reipublicae
1054 3809 1133 3857 utu
1134 3811 1210 3874 sci,
1227 3809 1281 3876 84.,

218 3879 278 3947 Vl,
295 3883 338 3930 28.
361 3880 504 3934 Arruntius
517 3879 571 3950 Vl,
587 3878 632 3934 48.
647 3891 730 3945 prec-
772 3889 826 3930 non
839 3889 889 3927 rev
890 3874 1062 3942 erettesee,
1076 3877 1181 3944 deinde,
1197 3889 1280 3940 penes

218 3956 261 4001 tor
274 3948 404 4011 Lepidum
414 3951 470 4018 Vi,
485 3952 530 4002 27.
770 3958 851 3998 nuum
869 3943 1005 3994 ottonum
1024 3955 1102 4012 essa,
1123 3955 1153 3998 ut
1171 3947 1280 3998 ειίεεοοί

267 4019 353 4082 cenot
365 3986 728 4083 monumemtum
769 4013 844 4066 nnuc
862 4025 896 4064 eo
916 4022 1014 4064 novom
1033 4013 1171 4079 cnpntntv
1173 4011 1281 4075 epriu-

213 4087 331 4150 opotte.
341 4087 728 4140 onenuomennemcremue·
770 4095 851 4145 ceps,
872 4093 934 4134 nenr
947 4083 1067 4149 clectus,
1089 4094 1141 4134 non
1152 4081 1279 4135 obtrusus

212 4155 275 4208 terit
287 4157 373 4210 verbs
386 4155 511 4222 quemvis
517 4158 636 4210 cernet
647 4153 728 4209 ceffl-
770 4151 857 4210 videri
869 4152 980 4206 voicbet
985 4164 1068 4221 ,cem
1080 4153 1108 4208 7·
1130 4149 1221 4205 noun.
