2870 4804
147 301 151 309 .
237 231 304 314 sse
478 319 481 326 ,
616 233 925 328 annaneane

191 445 353 496 ansarum
376 423 581 510 aggregatis,
608 445 675 512 quo
695 419 822 490 sladem
838 424 985 489 nostram
1005 424 1206 502 testaretur,
1228 417 1307 488 visu

240 527 435 614 fugientium
452 526 617 611 legionum
631 525 804 595 abstinuit.
836 523 939 592 Fama
953 521 1188 591 moderationis
1202 543 1306 610 quaa

241 630 395 712 robatur,
419 637 594 718 postquam
616 629 805 718 superbiam
829 629 1029 716 expleverat.
1078 624 1218 693 Flumen
1234 625 1307 693 Aa·

241 733 367 801 saniem
391 731 565 821 elephanto
585 731 751 812 insidens,
781 731 951 817 proximus
973 727 1115 818 quiaque
1137 749 1248 815 mam
1270 730 1307 797 ri

242 846 400 923 equorum
421 838 617 922 perrupere,
650 836 727 922 quin
749 853 863 900 rumor
879 827 1062 900 incesserat
1077 837 1209 920 pontem
1231 839 1306 911 oas-

244 959 358 1007 aarum
384 935 477 1002 oneri
502 934 579 1000 dolo
602 933 846 1005 labrieantium.
900 933 962 1002 sed
987 935 1044 1022 qui
1070 931 1201 1018 ingredi
1229 931 1308 998 ansi

244 1043 344 1119 sunt,
368 1037 513 1123 validum
533 1044 568 1102 et
585 1035 684 1102 fidum
699 1039 900 1104 intellexere.
932 1041 997 1105 lu.
1018 1035 1174 1106 Getamm
1190 1033 1307 1100 obm-

242 1142 293 1210 sir
316 1140 397 1206 adeo
419 1139 684 1227 suppeditavisse
708 1163 776 1208 rens
799 1139 1046 1206 lnrmentariem
1068 1136 1236 1217 eonstitit,
1265 1143 1307 1202 nt

243 1243 375 1312 horreis
396 1243 502 1329 ignem
524 1242 712 1325 iniicerent,
746 1243 925 1328 neutraque
947 1221 1134 1328 prodiderit
1156 1239 1305 1310 Corbulo
1412 1243 1413 1274 ³

245 1343 388 1414 Parthos
401 1346 516 1432 inopes
533 1345 719 1434 copiarum,
741 1353 776 1412 et
791 1345 912 1434 pabulo
926 1345 1043 1410 attrito
1055 1343 1232 1410 relicturos
1244 1363 1305 1430 op-
1412 1361 1413 1414 ἶ

245 1439 496 1540 pugnaturam,
519 1469 623 1534 nequa
642 1471 679 1515 ss
694 1448 769 1536 plus
781 1448 886 1514 tridui
898 1447 1016 1513 itinere
1028 1445 1163 1516 aluisse.
1203 1444 1306 1514 Adii-

244 1553 294 1618 'eit
308 1547 532 1617 iureiurando
544 1547 640 1617 Paeti
654 1557 785 1616 nautum
800 1549 888 1640 apud
901 1550 1013 1636 signa,
1038 1547 1245 1616 adstantibus
1258 1549 1304 1614 iis

244 1675 330 1743 quos
349 1651 556 1720 testifiaando
575 1677 632 1720 rex
650 1655 816 1735 misisset,
847 1651 1007 1719 neminem
1029 1650 1212 1718 Romanum
1233 1651 1308 1718 Ar-
1412 1679 1413 1694 ¹

243 1757 385 1821 maniam
400 1758 644 1838 ingressurum,
666 1755 768 1821 donee
784 1755 987 1821 referrentur
998 1752 1132 1822 litterae
1146 1753 1307 1836 Neronis,

203 1893 211 1904 -
247 1879 288 1923 au
303 1857 377 1944 pani
390 1863 558 1925 annueret.
601 1858 696 1945 Quae
712 1863 750 1924 ut
764 1855 929 1942 augendae
943 1857 1095 1923 infamiae
1110 1857 1308 1943 oomposita,

245 1959 295 2024 sie
308 1957 436 2044 reliqua
451 1981 515 2026 non
532 1961 567 2026 in
584 1961 724 2027 obseura
739 1961 917 2041 habentur,
937 1981 1000 2026 uua
1016 1959 1071 2026 dis
1085 1960 1306 2046 quadraginta

246 2060 374 2126 milium
396 2061 540 2146 spatium
558 2083 725 2130 emensum
745 2083 818 2129 asse
833 2061 990 2144 Paetum,
1015 2063 1159 2128 desertis
1179 2061 1305 2151 passim

245 2163 388 2243 naualis,
417 2183 522 2251 neque
544 2163 651 2230 minus
673 2163 965 2234 delormem'illam
982 2165 1177 2251 fugientium
1201 2165 1308 2254 trepi-

245 2264 428 2348 dationem,
450 2288 548 2354 quam
561 2267 592 2332 si
605 2272 698 2353 terga
711 2267 744 2332 in
759 2267 828 2333 aeia
840 2269 1031 2336 vertissent.
1071 2265 1216 2336 Corbulo
1228 2287 1304 2332 eum

245 2370 316 2436 suis
333 2368 437 2460 sepiis
452 2366 539 2458 apud
552 2369 657 2458 ripam
671 2369 852 2459 Euphratis
867 2369 983 2437 obvius
996 2389 1060 2435 non
1074 2389 1142 2435 earn
1155 2370 1302 2455 speeiem

244 2469 422 2558 insignium
447 2480 482 2538 et
501 2493 665 2538 armorum
686 2473 863 2561 praetulit,
893 2479 932 2540 ut
945 2471 1168 2538 diversitatem
1181 2489 1302 2556 sapro-

240 2572 377 2668 lorauat:
400 2573 519 2640 maesti
535 2573 695 2660 manipuli
704 2597 744 2642 ae
757 2577 860 2643 vinem
873 2575 1131 2644 commilitonum
1145 2573 1305 2640 miseran-

244 2681 298 2741 tes
319 2697 360 2742 na
382 2676 530 2744 lacrimis
549 2675 680 2764 quidem
701 2684 898 2766 temperare.
946 2678 1001 2744 vir
1019 2697 1099 2767 prae
1112 2676 1192 2742 tlstu
1205 2693 1304 2740 osua-

238 2783 323 2865 'pata
338 2779 569 2847 oonsalutatia.
608 2778 808 2847 Deeesserat
820 2789 985 2848 nontamen
1001 2779 1139 2848 virtutis
1152 2785 1187 2844 et
1200 2777 1304 2844 ambi-

243 2879 292 2945 tio
305 2879 449 2964 gloriae,
469 2881 614 2948 iolioium
627 2882 792 2950 hominum
805 2883 960 2952 atlantes:
987 2883 1059 2950 sola
1077 2878 1305 2948 miserirordiae

242 2980 392 3064 valebat,
426 2988 462 3048 et
481 2983 570 3074 apnd
594 2985 736 3052 minores
754 2987 871 3073 magis.
925 2989 979 3054 1⁷.
1007 2984 1138 3052 Danum
1158 2983 1302 3049 intensa

240 3081 353 3152 navis
377 3105 487 3152 sermo
509 3093 643 3154 senatus
665 3095 727 3156 est.
768 3088 842 3157 Heu
864 3088 1083 3178 conquerente
1103 3087 1235 3154 irritum
1250 3086 1302 3152 ls-

308 3221 339 3278 0.
355 3224 398 3278 17.
430 3229 767 3295 marmorearum.
800 3233 839 3284 st
853 3231 929 3283 llSfl.
945 3225 1186 3298 mattaratium·

294 3361 446 3424 prostatus
466 3375 580 3432 repom,
609 3377 658 3428 pro
677 3365 751 3433 rapt,
841 3365 1025 3434 npodstpna]
1049 3357 1245 3427 lnprlnalplls3
1260 3357 1299 3410 ibi

242 3431 273 3480 ot
292 3431 380 3481 Plaut.
400 3431 479 3483 l’oen.
494 3434 531 3493 V,
548 3437 580 3496 3,
602 3437 625 3484 1.
650 3437 703 3498 out
722 3439 752 3487 ts
792 3435 863 3487 enlm
877 3435 964 3501 signs„
991 3433 1026 3486 Bo
1040 3437 1178 3496 plerosque
1195 3438 1301 3480 oasam-

240 3499 394 3566 prontosus
412 3503 465 3554 est.
498 3501 557 3552 Ην.
571 3503 689 3569 xxxv,
708 3507 752 3558 27.
793 3517 851 3556 ram
867 3508 991 3555 solennes
1009 3511 1087 3553 aetus
1108 3500 1179 3563 apud
1197 3496 1303 3560 prlnel-

293 3565 324 3618 c.
341 3571 383 3618 to.
420 3570 596 3632 prodiderit]
628 3573 658 3622 la
678 3585 752 3624 oem-
793 3573 840 3638 pla
854 3573 958 3623 notente
972 3571 1130 3622 oalaorsaos.
1154 3567 1287 3618 llxlaura·

243 3635 753 3761 senseresensere:
793 3669 1191 3804 assanensis

243 3771 752 3898 iwerin&girdpptfrefflffl'ffiffi
793 3812 924 3873 apparatu
936 3809 1085 3870 venissent,
1101 3807 1149 3854 sou
1159 3803 1304 3868 leugadie-

243 3908 364 3967 sptstolls
387 3911 421 3961 sd
441 3911 582 3963 caesarem
599 3917 633 3965 da
653 3915 702 3966 llla
721 3927 752 3966 ra
793 3879 890 3946 '¹⁰¹⁸'
906 3886 1000 3940 ¹¹²¹¹¹P⁰
1012 3875 1059 3941 qui
1070 3873 1228 3938 intituli&
1241 3884 1304 3923 ⁸⁵8⁰

242 3973 350 4039 ¹²¹⁸⁸¹¹2
373 3991 441 4042 qnae
455 3983 612 4036 superfuere
633 3981 660 4035 ln
682 3982 753 4036 netis
794 3947 873 4000 '⁰¹⁰⁵'
906 3947 988 4038 Μ’,

242 4039 367 4106 ”illicit-
392 4048 515 4101 Wsnru.
844 4043 982 4116 ainana]
1012 4041 1159 4105 interiores
1182 4041 1302 4104 tortus,
