2868 4802
244 265 313 340 1161
628 257 941 334 nundinum

193 463 320 528 suntne
336 451 477 535 invasit,
495 451 830 543 trueulentlorqnam
844 457 962 536 antea,
982 457 1141 542 tanquam
1161 451 1337 525 adversare

245 561 431 630 deleeteree
446 556 529 624 etin
546 563 697 648 tempore
711 557 945 625 rebellaturos.
988 557 1107 646 Atque
1119 559 1183 643 illl,
1206 583 1336 650 quarm

246 664 297 733 via
311 661 449 730 servitio
462 661 564 742 eneti,
584 660 782 749 patientiam
796 661 999 751 abrumpunt
1015 663 1183 752 armisque
1195 663 1331 750 regiam

245 763 519 835 eirauaaveniunt.
564 765 622 834 51.
646 763 721 832 Nee
738 763 830 832 alind
843 761 1040 834 lladomiato
1053 763 1242 832 subsidium
1258 767 1334 834 luit

243 889 343 956 qnam
358 866 541 955 pernicitas
554 887 736 956 equorum,
757 868 836 956 quie
851 889 956 957 aequa
969 875 1006 936 et
1019 869 1193 956 eoniugen
1206 867 1332 936 abatu-

242 973 297 1043 lit.
347 969 416 1038 Sed
442 971 584 1037 coniunx
608 971 748 1058 gravida
775 973 917 1060 primam
945 979 1114 1063 uteunque
1137 973 1251 1058 lugam
1278 971 1329 1039 ob

243 1083 367 1144 metum
381 1073 537 1140 hostilem
553 1079 590 1140 et
602 1075 717 1142 mariti
730 1077 904 1143 earitatern
918 1078 1093 1161 toleravit3
1124 1084 1204 1167 poet
1224 1077 1328 1144 leati-

241 1180 377 1248 natione
401 1177 577 1254 amnena,
612 1176 672 1244 obi
692 1179 788 1266 quati
806 1186 925 1247 uterne
941 1187 977 1248 et
988 1179 1119 1248 vlemra
1133 1179 1328 1264 vibrantur,

242 1305 341 1352 orare
360 1287 401 1348 nt
419 1287 527 1348 morta
549 1281 688 1348 bonetto
703 1283 917 1351 'eertumeliie
938 1283 1145 1372 captivitatis
1160 1283 1324 1351 eximere-

242 1395 312 1459 tur.
363 1383 429 1454 llle
457 1387 568 1474 primo
595 1385 774 1474 amplecti,
806 1388 971 1469 allevare,
1002 1385 1191 1470 adhortari,
1218 1387 1323 1456 modo

240 1493 401 1560 virtutem
427 1489 616 1570 admirans,
645 1487 742 1556 modo
760 1490 882 1558 timore
900 1511 1016 1577 aeger,
1043 1513 1085 1558 ne
1103 1493 1181 1580 quia
1198 1491 1320 1559 reliota

239 1603 432 1686 poteretur3
466 1601 637 1683 pestremo
659 1592 816 1660 violentia
840 1595 965 1662 ameria
982 1601 1018 1661 et
1043 1595 1227 1662 latinorum
1249 1615 1320 1660 non

240 1699 337 1768 rudia
351 1694 534 1782 destringit
553 1697 739 1779 aeinaeem,
759 1699 1032 1786 vulneratamque
1045 1697 1153 1787 ripam
1169 1695 1213 1763 ad
1227 1697 1320 1763 Ara-

238 1803 294 1870 xie
322 1800 446 1880 trabit,
481 1799 611 1866 flumini
631 1799 757 1883 tradit,
784 1809 824 1868 nt
842 1823 966 1890 eorpus
989 1801 1092 1876 etiam
1114 1801 1319 1868 aeternetur.

238 1901 319 1992 lpee
342 1921 504 1992 praeeant
521 1901 669 1971 Hiberae
683 1903 726 1971 ud
740 1905 886 1996 patrium
898 1923 1035 1992 regnum
1049 1903 1216 1992 pervadit.
1258 1902 1318 1971 ln·

238 2005 340 2076 umen
363 2004 546 2072 Zenobiam
567 2005 620 2093 (id
640 2009 773 2074 mulieri
793 2009 929 2095 nomen)
955 2007 1088 2097 placida
1107 2009 1226 2076 illuvie
1244 2009 1316 2099 epi·

238 2117 369 2178 nantem
385 2131 424 2176 aa
437 2108 526 2177 vitae
542 2111 751 2176 monitantem
768 2112 941 2179 advertere
960 2117 1134 2201 pasturae,
1156 2119 1192 2179 ot
1205 2110 1316 2200 digni·

238 2220 311 2281 tata
330 2215 456 2280 lormae
476 2210 565 2280 baud
586 2211 781 2300 degenerem
798 2221 995 2302 reputantes
1015 2215 1166 2302 obligant
1182 2218 1316 2298 vuluoe,

239 2318 385 2406 aprutio
398 2315 614 2384 medieamina
627 2315 803 2399 adhibent,
824 2317 1024 2406 cognitoque
1038 2320 1168 2387 nomine
1180 2329 1217 2388 et
1227 2341 1311 2388 eaeo

236 2421 273 2490 in
287 2422 403 2489 urbem
415 2421 584 2490 Artaxata
597 2419 721 2488 ferunt.
755 2419 855 2488 Unde
869 2421 1004 2510 publiea
1019 2445 1099 2490 eura
1113 2421 1252 2490 dadueta
1265 2422 1310 2490 ad

236 2523 434 2606 Tiridaten,
455 2524 660 2614 oomiterque
675 2533 813 2615 exeepta
827 2527 921 2592 eultu
935 2526 1029 2613 regio
1041 2527 1155 2595 habita
1168 2533 1233 2596 eet.

66 2637 232 2704 (eruet.)
338 2633 396 2702 ³².
422 2626 550 2697 Ferrato
565 2629 680 2710 Sulla,
703 2627 816 2696 Salvio
833 2627 967 2695 Othone
980 2631 1174 2698 oonsulibus
1186 2628 1311 2708 Furrina

94 2721 214 2780 ⁸⁰⁴²·
238 2730 477 2802 Scribonianue
491 2732 527 2798 in
542 2731 678 2798 exilium
694 2734 824 2818 agitur,
844 2733 942 2822 quael
959 2733 1057 2802 linem
1072 2734 1235 2825 principis
1250 2753 1310 2826 per

235 2832 667 2905 Chaldaeoe'eorutaretur.
714 2835 954 2904 aduentebatur
974 2837 1107 2905 urimini
1122 2838 1221 2908 Iunia
1240 2860 1308 2906 ma

232 2945 289 3004 ter
308 2938 383 3004 eiua
407 2945 447 3004 ut
470 2961 569 3007 oaeue
588 2939 713 3028 prioria
732 2939 824 3034 (nam
844 2940 993 3027 relegata
1007 2941 1098 3028 erat)
1118 2941 1308 3033 impatiens.

232 3037 339 3109 Pater
360 3037 570 3108 Scriboniani
592 3039 757 3110 Camillus
776 3065 869 3111 arma
892 3066 954 3134 per
973 3043 1180 3114 Dalmatiam
1198 3068 1307 3114 move-

231 3151 305 3226 rat,
330 3139 432 3230 idque
448 3143 491 3210 ad
506 3143 712 3211 elementiam
728 3147 881 3214 trahebat
894 3147 1039 3231 Caeear,
1061 3149 1151 3240 qnod
1165 3153 1302 3238 stirpem

230 3245 387 3318 boatilem
407 3243 530 3316 iterum
549 3253 774 3326 ooueervaret.
824 3249 945 3340 Neque
965 3258 1077 3322 tomen
1097 3253 1185 3322 exuli
1203 3253 1304 3339 longa

299 3439 331 3492 0.
345 3435 390 3492 to.
423 3441 615 3496 relevatum
631 3439 753 3494 libanam
787 3444 916 3496 111188.
933 3445 1098 3501 bellaturae.

297 3508 529 3568 mammeam
544 3511 605 3564 edd.
628 3509 827 3567 wcamveono
842 3515 899 3567 lle.

278 3693 310 3748 0.
323 3693 366 3749 51.
395 3695 478 3764 pontt
485 3695 693 3762 -eoranvarJ
709 3701 746 3753 Ut
788 3697 909 3762 riparum
931 3703 1019 3756 latera
1040 3701 1146 3768 pleoide
1166 3703 1195 3754 in
1214 3699 1303 3768 magni

227 3763 294 3830 XV,
311 3767 353 3817 11.
366 3765 409 3817 27.
433 3765 468 3818 ll.
483 3765 541 3829 111,
558 3771 604 3819 31.
786 3781 886 3820 morem
901 3769 1064 3824 inundantia.
1097 3773 1244 3827 Foacrnn.

279 3843 385 3896 torpeo
401 3834 502 3896 ettam
531 3837 607 3886 llaec
627 3835 744 3900 lungen-
838 3839 868 3890 G·
881 3840 925 3892 5².
945 3841 1093 3903 demtum]
1109 3843 1249 3896 rueretis
1263 3843 1301 3892 lo-

227 3901 278 3962 de;
294 3911 348 3951 uon
361 3901 445 3954 vitam
458 3906 563 3972 eolat,
583 3907 630 3954 aed
644 3919 744 3968 eerpne
786 3915 866 3970 gatus
881 3909 1047 3980 Dalmatae,
1064 3913 1210 3976 scelusque
1225 3925 1299 3962 auum

226 3979 331 4032 quoque
342 3973 436 4023 uxoria
448 3975 572 4026 exanime
584 3974 682 4026 invldlt
694 3978 742 4027 no·
785 3977 918 4039 supplicio
933 3983 1037 4043 ineram
1060 3982 1097 4030 ot.
1112 3983 1146 4031 11.
1162 3981 1200 4048 11,
1217 3981 1259 4033 75.
1277 3981 1297 4042 1,

225 4037 323 4091 eduae·
784 4047 828 4098 89.
861 4047 911 4099 llio
929 4049 995 4110 LX,
1023 4049 1064 4100 15.
1094 4052 1170 4102 suet.
1195 4051 1234 4101 (Ἰ.
1257 4050 1297 4099 lt

277 4105 375 4160 illuvie
400 4112 444 4158 eat
469 4122 551 4164 curru
569 4109 686 4164 lunluin
707 4113 743 4164 ot
784 4113 853 4166 l’llu.
868 4117 935 4181 Epp·
950 4119 1010 4185 lll,
1027 4120 1070 4170 16.
