<?xml version="1.0" encoding="UTF-8"?>
<!DOCTYPE html PUBLIC "-//W3C//DTD XHTML 1.0 Transitional//EN"
    "http://www.w3.org/TR/xhtml1/DTD/xhtml1-transitional.dtd">
<html xmlns="http://www.w3.org/1999/xhtml" xml:lang="en" lang="en">
 <head>
  <title>
</title>
<meta http-equiv="Content-Type" content="text/html;charset=utf-8" />
  <meta name='ocr-system' content='tesseract 3.04.00' />
  <meta name='ocr-capabilities' content='ocr_page ocr_carea ocr_par ocr_line ocrx_word'/>
</head>
<body>
  <div class='ocr_page' id='page_1' title='image "./ccorneliitaciti22tacigoog_0484.png"; bbox 0 0 2870 4804; ppageno 0'>
   <div class='ocr_carea' id='block_1_1' title="bbox 254 279 942 355">
    <p class='ocr_par' dir='ltr' id='par_1_1' title="bbox 254 279 942 355">
     <span class='ocr_line' id='line_1_1' title="bbox 254 279 942 355; baseline -0.004 0"><span class='ocrx_word' id='word_1_1' title='bbox 254 285 322 355; x_wconf 83' lang='grc'><strong>462</strong></span> <span class='ocrx_word' id='word_1_2' title='bbox 636 279 942 352; x_wconf 71' lang='lat' dir='ltr'><strong>anuntiant</strong></span> 
     </span>
    </p>
   </div>
   <div class='ocr_carea' id='block_1_2' title="bbox 90 468 1412 2932">
    <p class='ocr_par' dir='ltr' id='par_1_2' title="bbox 90 468 1412 2932">
     <span class='ocr_line' id='line_1_2' title="bbox 203 468 1329 558; baseline 0.005 -22"><span class='ocrx_word' id='word_1_3' title='bbox 203 488 247 537; x_wconf 86' lang='lat' dir='ltr'><strong>or.</strong></span> <span class='ocrx_word' id='word_1_4' title='bbox 353 473 409 542; x_wconf 87' lang='grc'><strong>47.</strong></span> <span class='ocrx_word' id='word_1_5' title='bbox 430 468 480 537; x_wconf 77' lang='lat' dir='ltr'><strong>lio</strong></span> <span class='ocrx_word' id='word_1_6' title='bbox 493 489 576 538; x_wconf 89' lang='lat' dir='ltr'><strong>anno</strong></span> <span class='ocrx_word' id='word_1_7' title='bbox 587 475 727 537; x_wconf 85' lang='lat' dir='ltr'><strong>mortem</strong></span> <span class='ocrx_word' id='word_1_8' title='bbox 740 470 824 538; x_wconf 88' lang='lat' dir='ltr'><strong>obiit</strong></span> <span class='ocrx_word' id='word_1_9' title='bbox 836 471 1011 539; x_wconf 75' lang='lat' dir='ltr'>Memmius</span> <span class='ocrx_word' id='word_1_10' title='bbox 1026 469 1188 558; x_wconf 77' lang='lat' dir='ltr'><strong>Regulus,</strong></span> <span class='ocrx_word' id='word_1_11' title='bbox 1208 479 1329 542; x_wconf 85' lang='lat' dir='ltr'><strong>aucta-</strong></span> 
     </span>
     <span class='ocr_line' id='line_1_3' title="bbox 254 572 1326 666; baseline -0.001 -22"><span class='ocrx_word' id='word_1_12' title='bbox 254 577 374 658; x_wconf 87' lang='lat' dir='ltr'><strong>ritate,</strong></span> <span class='ocrx_word' id='word_1_13' title='bbox 396 573 600 656; x_wconf 83' lang='lat' dir='ltr'><strong>constantia,</strong></span> <span class='ocrx_word' id='word_1_14' title='bbox 621 573 728 655; x_wconf 88' lang='lat' dir='ltr'><strong>lama,</strong></span> <span class='ocrx_word' id='word_1_15' title='bbox 748 572 785 640; x_wconf 89' lang='lat' dir='ltr'><strong>in</strong></span> <span class='ocrx_word' id='word_1_16' title='bbox 806 583 966 661; x_wconf 89' lang='lat' dir='ltr'><strong>qnantum</strong></span> <span class='ocrx_word' id='word_1_17' title='bbox 985 573 1243 666; x_wconf 72' lang='lat' dir='ltr'><strong>praeumbrante</strong></span> <span class='ocrx_word' id='word_1_18' title='bbox 1260 575 1326 642; x_wconf 86' lang='lat' dir='ltr'><strong>irn-</strong></span> 
     </span>
     <span class='ocr_line' id='line_1_4' title="bbox 252 675 1326 770; baseline 0 -24"><span class='ocrx_word' id='word_1_19' title='bbox 252 676 420 770; x_wconf 85' lang='lat' dir='ltr'><strong>peratoris</strong></span> <span class='ocrx_word' id='word_1_20' title='bbox 438 677 573 764; x_wconf 76' lang='lat' dir='ltr'><strong>fastigio</strong></span> <span class='ocrx_word' id='word_1_21' title='bbox 594 676 713 762; x_wconf 86' lang='lat' dir='ltr'><strong>datur,</strong></span> <span class='ocrx_word' id='word_1_22' title='bbox 735 677 867 762; x_wconf 83' lang='lat' dir='ltr'><strong>clarus,</strong></span> <span class='ocrx_word' id='word_1_23' title='bbox 886 676 969 744; x_wconf 90' lang='lat' dir='ltr'><strong>adeo</strong></span> <span class='ocrx_word' id='word_1_24' title='bbox 985 683 1025 744; x_wconf 94' lang='lat' dir='ltr'><strong>ut</strong></span> <span class='ocrx_word' id='word_1_25' title='bbox 1040 675 1135 746; x_wconf 86' lang='lat' dir='ltr'><strong>Nero</strong></span> <span class='ocrx_word' id='word_1_26' title='bbox 1151 699 1251 765; x_wconf 79' lang='lat' dir='ltr'><strong>aeger</strong></span> <span class='ocrx_word' id='word_1_27' title='bbox 1264 701 1326 746; x_wconf 85' lang='lat' dir='ltr'><strong>ve-</strong></span> 
     </span>
     <span class='ocr_line' id='line_1_5' title="bbox 253 778 1326 871; baseline 0.001 -22"><span class='ocrx_word' id='word_1_28' title='bbox 253 781 416 861; x_wconf 88' lang='lat' dir='ltr'><strong>litudinc,</strong></span> <span class='ocrx_word' id='word_1_29' title='bbox 442 785 479 846; x_wconf 91' lang='lat' dir='ltr'><strong>et</strong></span> <span class='ocrx_word' id='word_1_30' title='bbox 496 778 711 847; x_wconf 76' lang='lat' dir='ltr'><strong>adulantibus</strong></span> <span class='ocrx_word' id='word_1_31' title='bbox 724 778 848 846; x_wconf 90' lang='lat' dir='ltr'><strong>circum</strong></span> <span class='ocrx_word' id='word_1_32' title='bbox 864 780 922 870; x_wconf 90' lang='lat' dir='ltr'><strong>qui</strong></span> <span class='ocrx_word' id='word_1_33' title='bbox 936 781 1033 848; x_wconf 83' lang='lat' dir='ltr'><strong>boam</strong></span> <span class='ocrx_word' id='word_1_34' title='bbox 1048 781 1189 871; x_wconf 88' lang='lat' dir='ltr'><strong>imperio</strong></span> <span class='ocrx_word' id='word_1_35' title='bbox 1202 779 1326 850; x_wconf 81' lang='lat' dir='ltr'><strong>adesce</strong></span> 
     </span>
     <span class='ocr_line' id='line_1_6' title="bbox 254 881 1325 974; baseline 0.001 -22"><span class='ocrx_word' id='word_1_36' title='bbox 254 883 427 964; x_wconf 77' lang='lat' dir='ltr'><strong>dicebaut,</strong></span> <span class='ocrx_word' id='word_1_37' title='bbox 446 882 478 948; x_wconf 89' lang='lat' dir='ltr'><strong>ai</strong></span> <span class='ocrx_word' id='word_1_38' title='bbox 495 881 576 972; x_wconf 89' lang='lat' dir='ltr'><strong>quid</strong></span> <span class='ocrx_word' id='word_1_39' title='bbox 589 883 659 950; x_wconf 90' lang='lat' dir='ltr'><strong>lato</strong></span> <span class='ocrx_word' id='word_1_40' title='bbox 672 889 860 971; x_wconf 88' lang='lat' dir='ltr'><strong>pateretur,</strong></span> <span class='ocrx_word' id='word_1_41' title='bbox 881 883 1093 974; x_wconf 87' lang='lat' dir='ltr'><strong>responderit</strong></span> <span class='ocrx_word' id='word_1_42' title='bbox 1104 883 1227 952; x_wconf 79' lang='lat' dir='ltr'><strong>babere</strong></span> <span class='ocrx_word' id='word_1_43' title='bbox 1241 885 1325 953; x_wconf 88' lang='lat' dir='ltr'><strong>eub-</strong></span> 
     </span>
     <span class='ocr_line' id='line_1_7' title="bbox 254 985 1323 1078; baseline 0 -23"><span class='ocrx_word' id='word_1_44' title='bbox 254 987 468 1064; x_wconf 69' lang='lat' dir='ltr'><strong>sidiumrem</strong></span> <span class='ocrx_word' id='word_1_45' title='bbox 489 985 673 1073; x_wconf 89' lang='lat' dir='ltr'><strong>publicam,</strong></span> <span class='ocrx_word' id='word_1_46' title='bbox 697 985 890 1072; x_wconf 83' lang='lat' dir='ltr'><strong>rogantibus</strong></span> <span class='ocrx_word' id='word_1_47' title='bbox 911 985 1027 1054; x_wconf 89' lang='lat' dir='ltr'><strong>debinc</strong></span> <span class='ocrx_word' id='word_1_48' title='bbox 1045 988 1080 1054; x_wconf 92' lang='lat' dir='ltr'><strong>in</strong></span> <span class='ocrx_word' id='word_1_49' title='bbox 1099 1009 1165 1077; x_wconf 93' lang='lat' dir='ltr'><strong>quo</strong></span> <span class='ocrx_word' id='word_1_50' title='bbox 1180 988 1323 1078; x_wconf 85' lang='lat' dir='ltr'><strong>potissi-</strong></span> 
     </span>
     <span class='ocr_line' id='line_1_8' title="bbox 254 1085 1323 1180; baseline 0.002 -24"><span class='ocrx_word' id='word_1_51' title='bbox 254 1111 362 1170; x_wconf 86' lang='lat' dir='ltr'><strong>mam,</strong></span> <span class='ocrx_word' id='word_1_52' title='bbox 391 1085 559 1154; x_wconf 79' lang='lat' dir='ltr'><strong>addiderit</strong></span> <span class='ocrx_word' id='word_1_53' title='bbox 577 1087 612 1153; x_wconf 89' lang='lat' dir='ltr'><strong>in</strong></span> <span class='ocrx_word' id='word_1_54' title='bbox 631 1087 787 1154; x_wconf 84' lang='lat' dir='ltr'><strong>Memmio</strong></span> <span class='ocrx_word' id='word_1_55' title='bbox 806 1087 950 1176; x_wconf 81' lang='lat' dir='ltr'><strong>liegnlo.</strong></span> <span class='ocrx_word' id='word_1_56' title='bbox 990 1089 1088 1160; x_wconf 84' lang='lat' dir='ltr'><strong>Vixit</strong></span> <span class='ocrx_word' id='word_1_57' title='bbox 1108 1097 1219 1156; x_wconf 90' lang='lat' dir='ltr'><strong>tamen</strong></span> <span class='ocrx_word' id='word_1_58' title='bbox 1241 1099 1323 1180; x_wconf 83' lang='lat' dir='ltr'><strong>poet</strong></span> 
     </span>
     <span class='ocr_line' id='line_1_9' title="bbox 253 1187 1319 1280; baseline -0.001 -20"><span class='ocrx_word' id='word_1_59' title='bbox 253 1195 334 1260; x_wconf 89' lang='lat' dir='ltr'><strong>baec</strong></span> <span class='ocrx_word' id='word_1_60' title='bbox 349 1191 521 1278; x_wconf 79' lang='lat' dir='ltr'><strong>Regulus,</strong></span> <span class='ocrx_word' id='word_1_61' title='bbox 541 1191 652 1278; x_wconf 89' lang='lat' dir='ltr'><strong>quiete</strong></span> <span class='ocrx_word' id='word_1_62' title='bbox 665 1187 839 1276; x_wconf 85' lang='lat' dir='ltr'><strong>delemus,</strong></span> <span class='ocrx_word' id='word_1_63' title='bbox 861 1199 896 1258; x_wconf 90' lang='lat' dir='ltr'><strong>et</strong></span> <span class='ocrx_word' id='word_1_64' title='bbox 912 1191 991 1280; x_wconf 90' lang='lat' dir='ltr'><strong>quia</strong></span> <span class='ocrx_word' id='word_1_65' title='bbox 1004 1215 1088 1262; x_wconf 85' lang='lat' dir='ltr'><strong>nora</strong></span> <span class='ocrx_word' id='word_1_66' title='bbox 1103 1193 1234 1279; x_wconf 70' lang='lat' dir='ltr'><strong>generis</strong></span> <span class='ocrx_word' id='word_1_67' title='bbox 1248 1195 1319 1260; x_wconf 86' lang='lat' dir='ltr'><strong>cla·</strong></span> 
     </span>
     <span class='ocr_line' id='line_1_10' title="bbox 252 1285 1319 1386; baseline -0.003 -21"><span class='ocrx_word' id='word_1_68' title='bbox 252 1294 401 1365; x_wconf 90' lang='lat' dir='ltr'><strong>ritudine</strong></span> <span class='ocrx_word' id='word_1_69' title='bbox 429 1285 536 1382; x_wconf 89' lang='lat' dir='ltr'><strong>neque</strong></span> <span class='ocrx_word' id='word_1_70' title='bbox 561 1291 735 1362; x_wconf 80' lang='lat' dir='ltr'><strong>inridicula</strong></span> <span class='ocrx_word' id='word_1_71' title='bbox 761 1293 881 1384; x_wconf 90' lang='lat' dir='ltr'><strong>opibus</strong></span> <span class='ocrx_word' id='word_1_72' title='bbox 903 1303 988 1366; x_wconf 82' lang='lat' dir='ltr'><strong>erat.</strong></span> <span class='ocrx_word' id='word_1_73' title='bbox 1039 1296 1255 1386; x_wconf 78' lang='lat' dir='ltr'><strong>Gymnasium</strong></span> <span class='ocrx_word' id='word_1_74' title='bbox 1276 1317 1319 1362; x_wconf 89' lang='lat' dir='ltr'><strong>eo</strong></span> 
     </span>
     <span class='ocr_line' id='line_1_11' title="bbox 255 1393 1317 1490; baseline -0.003 -21"><span class='ocrx_word' id='word_1_75' title='bbox 255 1423 340 1468; x_wconf 90' lang='lat' dir='ltr'><strong>anno</strong></span> <span class='ocrx_word' id='word_1_76' title='bbox 354 1396 543 1465; x_wconf 88' lang='lat' dir='ltr'><strong>dedicatum</strong></span> <span class='ocrx_word' id='word_1_77' title='bbox 557 1417 576 1462; x_wconf 94' lang='lat' dir='ltr'><strong>a</strong></span> <span class='ocrx_word' id='word_1_78' title='bbox 588 1393 743 1479; x_wconf 87' lang='lat' dir='ltr'><strong>Nerone,</strong></span> <span class='ocrx_word' id='word_1_79' title='bbox 761 1395 1016 1487; x_wconf 81' lang='lat' dir='ltr'><strong>praebitumque</strong></span> <span class='ocrx_word' id='word_1_80' title='bbox 1030 1399 1138 1466; x_wconf 89' lang='lat' dir='ltr'><strong>oleum</strong></span> <span class='ocrx_word' id='word_1_81' title='bbox 1152 1399 1259 1490; x_wconf 88' lang='lat' dir='ltr'><strong>equiti</strong></span> <span class='ocrx_word' id='word_1_82' title='bbox 1277 1421 1317 1467; x_wconf 93' lang='lat' dir='ltr'><strong>ac</strong></span> 
     </span>
     <span class='ocr_line' id='line_1_12' title="bbox 253 1497 715 1574; baseline -0.017 0"><span class='ocrx_word' id='word_1_83' title='bbox 253 1501 387 1574; x_wconf 87' lang='lat' dir='ltr'><strong>senatui</strong></span> <span class='ocrx_word' id='word_1_84' title='bbox 401 1501 530 1570; x_wconf 82' lang='lat' dir='ltr'><strong>Graeca</strong></span> <span class='ocrx_word' id='word_1_85' title='bbox 540 1497 715 1572; x_wconf 76' lang='lat' dir='ltr'><strong>facilitate.</strong></span> 
     </span>
     <span class='ocr_line' id='line_1_13' title="bbox 90 1597 1318 1686; baseline -0.002 -12"><span class='ocrx_word' id='word_1_86' title='bbox 90 1619 250 1686; x_wconf 64' lang='lat' dir='ltr'><strong>(numae)</strong></span> <span class='ocrx_word' id='word_1_87' title='bbox 354 1609 411 1678; x_wconf 84' lang='grc'><strong>48.</strong></span> <span class='ocrx_word' id='word_1_88' title='bbox 436 1601 558 1672; x_wconf 89' lang='lat' dir='ltr'><strong>Publio</strong></span> <span class='ocrx_word' id='word_1_89' title='bbox 577 1601 705 1685; x_wconf 85' lang='lat' dir='ltr'><strong>biario,</strong></span> <span class='ocrx_word' id='word_1_90' title='bbox 730 1597 835 1668; x_wconf 75' lang='lat' dir='ltr'><strong>Lucio</strong></span> <span class='ocrx_word' id='word_1_91' title='bbox 853 1599 979 1672; x_wconf 77' lang='lat' dir='ltr'><strong>Asinio</strong></span> <span class='ocrx_word' id='word_1_92' title='bbox 999 1601 1193 1672; x_wconf 84' lang='lat' dir='ltr'><strong>consulibus</strong></span> <span class='ocrx_word' id='word_1_93' title='bbox 1213 1603 1318 1672; x_wconf 81' lang='lat' dir='ltr'><strong>Anti-</strong></span> 
     </span>
     <span class='ocr_line' id='line_1_14' title="bbox 109 1703 1320 1799; baseline -0.003 -21"><span class='ocrx_word' id='word_1_94' title='bbox 109 1709 227 1766; x_wconf 55' lang='lat' dir='ltr'><strong>tt⁴2⁶²·</strong></span> <span class='ocrx_word' id='word_1_95' title='bbox 255 1711 343 1780; x_wconf 87' lang='lat' dir='ltr'><strong>etius</strong></span> <span class='ocrx_word' id='word_1_96' title='bbox 367 1713 522 1799; x_wconf 91' lang='lat' dir='ltr'><strong>praetor,</strong></span> <span class='ocrx_word' id='word_1_97' title='bbox 547 1725 645 1792; x_wconf 87' lang='lat' dir='ltr'><strong>quom</strong></span> <span class='ocrx_word' id='word_1_98' title='bbox 669 1705 705 1772; x_wconf 87' lang='lat' dir='ltr'><strong>in</strong></span> <span class='ocrx_word' id='word_1_99' title='bbox 724 1703 898 1773; x_wconf 83' lang='lat' dir='ltr'><strong>tribunatu</strong></span> <span class='ocrx_word' id='word_1_100' title='bbox 917 1706 1023 1796; x_wconf 88' lang='lat' dir='ltr'><strong>plebis</strong></span> <span class='ocrx_word' id='word_1_101' title='bbox 1044 1707 1186 1775; x_wconf 87' lang='lat' dir='ltr'><strong>licenter</strong></span> <span class='ocrx_word' id='word_1_102' title='bbox 1208 1707 1320 1794; x_wconf 74' lang='lat' dir='ltr'><strong>egisse</strong></span> 
     </span>
     <span class='ocr_line' id='line_1_15' title="bbox 254 1803 1316 1899; baseline -0.005 -16"><span class='ocrx_word' id='word_1_103' title='bbox 254 1809 450 1892; x_wconf 83' lang='lat' dir='ltr'><strong>memorari,</strong></span> <span class='ocrx_word' id='word_1_104' title='bbox 483 1805 646 1897; x_wconf 84' lang='lat' dir='ltr'><strong>probrose</strong></span> <span class='ocrx_word' id='word_1_105' title='bbox 668 1803 830 1875; x_wconf 79' lang='lat' dir='ltr'><strong>adversus</strong></span> <span class='ocrx_word' id='word_1_106' title='bbox 849 1809 1031 1899; x_wconf 88' lang='lat' dir='ltr'><strong>principem</strong></span> <span class='ocrx_word' id='word_1_107' title='bbox 1054 1811 1201 1879; x_wconf 86' lang='lat' dir='ltr'><strong>carmina</strong></span> <span class='ocrx_word' id='word_1_108' title='bbox 1219 1809 1316 1878; x_wconf 88' lang='lat' dir='ltr'><strong>laeti·</strong></span> 
     </span>
     <span class='ocr_line' id='line_1_16' title="bbox 253 1908 1316 2003; baseline -0.006 -19"><span class='ocrx_word' id='word_1_109' title='bbox 253 1917 359 1996; x_wconf 87' lang='lat' dir='ltr'><strong>tavit,</strong></span> <span class='ocrx_word' id='word_1_110' title='bbox 385 1910 598 1998; x_wconf 78' lang='lat' dir='ltr'><strong>vulgavitque</strong></span> <span class='ocrx_word' id='word_1_111' title='bbox 618 1908 742 1978; x_wconf 90' lang='lat' dir='ltr'><strong>celabri</strong></span> <span class='ocrx_word' id='word_1_112' title='bbox 756 1911 922 1995; x_wconf 78' lang='lat' dir='ltr'><strong>convicio,</strong></span> <span class='ocrx_word' id='word_1_113' title='bbox 943 1911 1024 1980; x_wconf 89' lang='lat' dir='ltr'><strong>dum</strong></span> <span class='ocrx_word' id='word_1_114' title='bbox 1040 1911 1128 2003; x_wconf 85' lang='lat' dir='ltr'><strong>apud</strong></span> <span class='ocrx_word' id='word_1_115' title='bbox 1140 1911 1316 1980; x_wconf 82' lang='lat' dir='ltr'><strong>Ostorium</strong></span> 
     </span>
     <span class='ocr_line' id='line_1_17' title="bbox 253 2011 1318 2105; baseline -0.004 -18"><span class='ocrx_word' id='word_1_116' title='bbox 253 2015 432 2105; x_wconf 81' lang='lat' dir='ltr'><strong>Scapulam</strong></span> <span class='ocrx_word' id='word_1_117' title='bbox 459 2013 628 2098; x_wconf 85' lang='lat' dir='ltr'><strong>epulatur.</strong></span> <span class='ocrx_word' id='word_1_118' title='bbox 681 2011 767 2080; x_wconf 85' lang='lat' dir='ltr'><strong>Exin</strong></span> <span class='ocrx_word' id='word_1_119' title='bbox 789 2037 808 2080; x_wconf 92' lang='lat' dir='ltr'><strong>a</strong></span> <span class='ocrx_word' id='word_1_120' title='bbox 827 2013 1026 2086; x_wconf 81' lang='lat' dir='ltr'><strong>Coeautiano</strong></span> <span class='ocrx_word' id='word_1_121' title='bbox 1046 2015 1227 2105; x_wconf 80' lang='lat' dir='ltr'><strong>Capitone,</strong></span> <span class='ocrx_word' id='word_1_122' title='bbox 1257 2015 1318 2105; x_wconf 85' lang='lat' dir='ltr'><strong>qui</strong></span> 
     </span>
     <span class='ocr_line' id='line_1_18' title="bbox 253 2113 1412 2212; baseline -0.001 -24"><span class='ocrx_word' id='word_1_123' title='bbox 253 2141 360 2212; x_wconf 86' lang='lat' dir='ltr'><strong>nuper</strong></span> <span class='ocrx_word' id='word_1_124' title='bbox 380 2113 583 2185; x_wconf 85' lang='lat' dir='ltr'><strong>senatorium</strong></span> <span class='ocrx_word' id='word_1_125' title='bbox 608 2113 756 2181; x_wconf 88' lang='lat' dir='ltr'><strong>ordinem</strong></span> <span class='ocrx_word' id='word_1_126' title='bbox 777 2117 933 2206; x_wconf 85' lang='lat' dir='ltr'><strong>precibus</strong></span> <span class='ocrx_word' id='word_1_127' title='bbox 953 2119 1116 2208; x_wconf 84' lang='lat' dir='ltr'><strong>Tigellini</strong></span> <span class='ocrx_word' id='word_1_128' title='bbox 1135 2119 1241 2187; x_wconf 89' lang='lat' dir='ltr'><strong>eoceri</strong></span> <span class='ocrx_word' id='word_1_129' title='bbox 1261 2119 1317 2186; x_wconf 87' lang='lat' dir='ltr'><strong>sui</strong></span> <span class='ocrx_word' id='word_1_130' title='bbox 1410 2113 1412 2116; x_wconf 57' lang='grc'>’</span> 
     </span>
     <span class='ocr_line' id='line_1_19' title="bbox 143 2215 1318 2314; baseline -0.001 -21"><span class='ocrx_word' id='word_1_131' title='bbox 143 2242 146 2252; x_wconf 93' lang='grc'><strong><em>·</em></strong></span> <span class='ocrx_word' id='word_1_132' title='bbox 252 2227 445 2314; x_wconf 82' lang='lat' dir='ltr'><strong>receperat,</strong></span> <span class='ocrx_word' id='word_1_133' title='bbox 472 2216 659 2285; x_wconf 88' lang='lat' dir='ltr'><strong>maiestatis</strong></span> <span class='ocrx_word' id='word_1_134' title='bbox 680 2215 812 2287; x_wconf 89' lang='lat' dir='ltr'><strong>delatas</strong></span> <span class='ocrx_word' id='word_1_135' title='bbox 833 2227 898 2292; x_wconf 81' lang='lat' dir='ltr'><strong>est.</strong></span> <span class='ocrx_word' id='word_1_136' title='bbox 946 2221 1035 2291; x_wconf 78' lang='lat' dir='ltr'><strong>&#39;l&#39;um</strong></span> <span class='ocrx_word' id='word_1_137' title='bbox 1057 2223 1201 2312; x_wconf 85' lang='lat' dir='ltr'><strong>primurn</strong></span> <span class='ocrx_word' id='word_1_138' title='bbox 1221 2243 1318 2292; x_wconf 85' lang='lat' dir='ltr'><strong>revo-</strong></span> 
     </span>
     <span class='ocr_line' id='line_1_20' title="bbox 253 2319 1318 2415; baseline -0.003 -21"><span class='ocrx_word' id='word_1_139' title='bbox 253 2335 328 2396; x_wconf 90' lang='lat' dir='ltr'><strong>cata</strong></span> <span class='ocrx_word' id='word_1_140' title='bbox 350 2348 389 2392; x_wconf 92' lang='lat' dir='ltr'><strong>ea</strong></span> <span class='ocrx_word' id='word_1_141' title='bbox 410 2325 482 2407; x_wconf 67' lang='lat' dir='ltr'><strong>laxp</strong></span> <span class='ocrx_word' id='word_1_142' title='bbox 516 2319 781 2411; x_wconf 83' lang='lat' dir='ltr'><strong>credebaturque</strong></span> <span class='ocrx_word' id='word_1_143' title='bbox 800 2321 889 2391; x_wconf 90' lang='lat' dir='ltr'><strong>baud</strong></span> <span class='ocrx_word' id='word_1_144' title='bbox 908 2323 1045 2415; x_wconf 83' lang='lat' dir='ltr'><strong>perinde</strong></span> <span class='ocrx_word' id='word_1_145' title='bbox 1063 2325 1198 2393; x_wconf 89' lang='lat' dir='ltr'><strong>exitium</strong></span> <span class='ocrx_word' id='word_1_146' title='bbox 1211 2323 1318 2394; x_wconf 83' lang='lat' dir='ltr'><strong>Anti-</strong></span> 
     </span>
     <span class='ocr_line' id='line_1_21' title="bbox 253 2423 1328 2519; baseline -0.002 -21"><span class='ocrx_word' id='word_1_147' title='bbox 253 2431 320 2498; x_wconf 85' lang='lat' dir='ltr'><strong>stio</strong></span> <span class='ocrx_word' id='word_1_148' title='bbox 347 2449 445 2519; x_wconf 89' lang='lat' dir='ltr'><strong>quam</strong></span> <span class='ocrx_word' id='word_1_149' title='bbox 472 2423 667 2514; x_wconf 86' lang='lat' dir='ltr'><strong>imperatori</strong></span> <span class='ocrx_word' id='word_1_150' title='bbox 687 2427 796 2514; x_wconf 76' lang='lat' dir='ltr'><strong>gloria</strong></span> <span class='ocrx_word' id='word_1_151' title='bbox 814 2429 947 2518; x_wconf 88' lang='lat' dir='ltr'><strong>quaeri,</strong></span> <span class='ocrx_word' id='word_1_152' title='bbox 979 2435 1019 2497; x_wconf 84' lang='lat' dir='ltr'><strong>ut</strong></span> <span class='ocrx_word' id='word_1_153' title='bbox 1037 2427 1269 2496; x_wconf 88' lang='lat' dir='ltr'><strong>condemnatus</strong></span> <span class='ocrx_word' id='word_1_154' title='bbox 1292 2451 1328 2496; x_wconf 89' lang='lat' dir='ltr'><strong>a·</strong></span> 
     </span>
     <span class='ocr_line' id='line_1_22' title="bbox 252 2528 1314 2603; baseline -0.002 -1"><span class='ocrx_word' id='word_1_155' title='bbox 252 2543 370 2603; x_wconf 81' lang='lat' dir='ltr'><strong>erratu</strong></span> <span class='ocrx_word' id='word_1_156' title='bbox 384 2528 622 2600; x_wconf 74' lang='lat' dir='ltr'><strong>intercessione</strong></span> <span class='ocrx_word' id='word_1_157' title='bbox 634 2529 811 2599; x_wconf 89' lang='lat' dir='ltr'><strong>tribunicia</strong></span> <span class='ocrx_word' id='word_1_158' title='bbox 825 2532 926 2599; x_wconf 87' lang='lat' dir='ltr'><strong>marti</strong></span> <span class='ocrx_word' id='word_1_159' title='bbox 938 2533 1147 2601; x_wconf 87' lang='lat' dir='ltr'><strong>eximeretur.</strong></span> <span class='ocrx_word' id='word_1_160' title='bbox 1179 2531 1224 2600; x_wconf 85' lang='lat' dir='ltr'><strong>lli</strong></span> <span class='ocrx_word' id='word_1_161' title='bbox 1236 2553 1314 2600; x_wconf 89' lang='lat' dir='ltr'><strong>curn</strong></span> 
     </span>
     <span class='ocr_line' id='line_1_23' title="bbox 252 2629 1314 2722; baseline -0.001 -18"><span class='ocrx_word' id='word_1_162' title='bbox 252 2636 411 2704; x_wconf 82' lang='lat' dir='ltr'><strong>Ostorius</strong></span> <span class='ocrx_word' id='word_1_163' title='bbox 423 2633 507 2700; x_wconf 89' lang='lat' dir='ltr'><strong>nibil</strong></span> <span class='ocrx_word' id='word_1_164' title='bbox 521 2629 688 2701; x_wconf 83' lang='lat' dir='ltr'><strong>audivisse</strong></span> <span class='ocrx_word' id='word_1_165' title='bbox 700 2657 762 2722; x_wconf 92' lang='lat' dir='ltr'><strong>pro</strong></span> <span class='ocrx_word' id='word_1_166' title='bbox 778 2635 968 2704; x_wconf 89' lang='lat' dir='ltr'><strong>testimonio</strong></span> <span class='ocrx_word' id='word_1_167' title='bbox 981 2631 1141 2718; x_wconf 81' lang='lat' dir='ltr'><strong>dixisset,</strong></span> <span class='ocrx_word' id='word_1_168' title='bbox 1164 2633 1314 2703; x_wconf 78' lang='lat' dir='ltr'><strong>adversis</strong></span> 
     </span>
     <span class='ocr_line' id='line_1_24' title="bbox 249 2735 1313 2828; baseline 0.003 -25"><span class='ocrx_word' id='word_1_169' title='bbox 249 2741 396 2806; x_wconf 80' lang='lat' dir='ltr'><strong>testibus</strong></span> <span class='ocrx_word' id='word_1_170' title='bbox 423 2735 606 2819; x_wconf 71' lang='lat' dir='ltr'><strong>creditum,</strong></span> <span class='ocrx_word' id='word_1_171' title='bbox 647 2738 839 2828; x_wconf 87' lang='lat' dir='ltr'><strong>censuitque</strong></span> <span class='ocrx_word' id='word_1_172' title='bbox 860 2737 976 2806; x_wconf 89' lang='lat' dir='ltr'><strong>lunius</strong></span> <span class='ocrx_word' id='word_1_173' title='bbox 1001 2735 1170 2808; x_wconf 80' lang='lat' dir='ltr'><strong>Marullus</strong></span> <span class='ocrx_word' id='word_1_174' title='bbox 1198 2739 1313 2808; x_wconf 88' lang='lat' dir='ltr'><strong>eonanl</strong></span> 
     </span>
     <span class='ocr_line' id='line_1_25' title="bbox 249 2838 1312 2932; baseline -0.003 -23"><span class='ocrx_word' id='word_1_175' title='bbox 249 2843 444 2929; x_wconf 79' lang='lat' dir='ltr'><strong>designatus</strong></span> <span class='ocrx_word' id='word_1_176' title='bbox 458 2838 662 2907; x_wconf 88' lang='lat' dir='ltr'><strong>adimendam</strong></span> <span class='ocrx_word' id='word_1_177' title='bbox 677 2861 735 2908; x_wconf 89' lang='lat' dir='ltr'><strong>reo</strong></span> <span class='ocrx_word' id='word_1_178' title='bbox 750 2849 940 2932; x_wconf 89' lang='lat' dir='ltr'><strong>praeturam</strong></span> <span class='ocrx_word' id='word_1_179' title='bbox 955 2841 1204 2931; x_wconf 89' lang='lat' dir='ltr'><strong>necandumque</strong></span> <span class='ocrx_word' id='word_1_180' title='bbox 1222 2861 1312 2908; x_wconf 90' lang='lat' dir='ltr'><strong>more</strong></span> 
     </span>
    </p>
   </div>
   <div class='ocr_carea' id='block_1_3' title="bbox 277 3012 1311 3412">
    <p class='ocr_par' dir='ltr' id='par_1_3' title="bbox 277 3012 1311 3412">
     <span class='ocr_line' id='line_1_26' title="bbox 314 3012 1311 3084; baseline 0.001 -15"><span class='ocrx_word' id='word_1_181' title='bbox 314 3012 404 3070; x_wconf 77' lang='grc'><strong>(1.48.</strong></span> <span class='ocrx_word' id='word_1_182' title='bbox 437 3013 541 3082; x_wconf 82' lang='lat' dir='ltr'><strong>quaeri</strong></span> <span class='ocrx_word' id='word_1_183' title='bbox 556 3017 590 3070; x_wconf 87' lang='lat' dir='ltr'><strong>ut</strong></span> <span class='ocrx_word' id='word_1_184' title='bbox 606 3015 631 3070; x_wconf 90' lang='lat'><strong>1.</strong></span> <span class='ocrx_word' id='word_1_185' title='bbox 648 3015 809 3076; x_wconf 78' lang='lat' dir='ltr'><strong>Gronovius.</strong></span> <span class='ocrx_word' id='word_1_186' title='bbox 831 3021 869 3072; x_wconf 74' lang='lat' dir='ltr'><strong>At</strong></span> <span class='ocrx_word' id='word_1_187' title='bbox 884 3019 959 3072; x_wconf 76' lang='grc'><strong>1181.</strong></span> <span class='ocrx_word' id='word_1_188' title='bbox 976 3015 1118 3084; x_wconf 74' lang='lat' dir='ltr'><strong>quouicit</strong></span> <span class='ocrx_word' id='word_1_189' title='bbox 1132 3026 1162 3069; x_wconf 78' lang='lat' dir='ltr'><strong>et</strong></span> <span class='ocrx_word' id='word_1_190' title='bbox 1173 3015 1311 3070; x_wconf 79' lang='lat' dir='ltr'><strong>narent-</strong></span> 
     </span>
     <span class='ocr_line' id='line_1_27' title="bbox 280 3083 1310 3156; baseline 0 -20"><span class='ocrx_word' id='word_1_191' title='bbox 280 3085 381 3137; x_wconf 86' lang='lat' dir='ltr'><strong>meret.</strong></span> <span class='ocrx_word' id='word_1_192' title='bbox 415 3085 558 3146; x_wconf 78' lang='lat' dir='ltr'><strong>Suspicor:</strong></span> <span class='ocrx_word' id='word_1_193' title='bbox 589 3085 838 3154; x_wconf 80' lang='lat' dir='ltr'><strong>credebaturque.</strong></span> <span class='ocrx_word' id='word_1_194' title='bbox 854 3085 1044 3153; x_wconf 84' lang='lat' dir='ltr'><strong>.imperaiori</strong></span> <span class='ocrx_word' id='word_1_195' title='bbox 1059 3083 1154 3153; x_wconf 77' lang='lat' dir='ltr'><strong>pieria</strong></span> <span class='ocrx_word' id='word_1_196' title='bbox 1172 3088 1310 3156; x_wconf 76' lang='lat' dir='ltr'><strong>quaerito,</strong></span> 
     </span>
     <span class='ocr_line' id='line_1_28' title="bbox 279 3153 1309 3208; baseline 0 -4"><span class='ocrx_word' id='word_1_197' title='bbox 279 3157 315 3205; x_wconf 85' lang='lat' dir='ltr'><strong>ut</strong></span> <span class='ocrx_word' id='word_1_198' title='bbox 336 3153 537 3204; x_wconf 82' lang='lat' dir='ltr'><strong>condemnator</strong></span> <span class='ocrx_word' id='word_1_199' title='bbox 553 3156 690 3205; x_wconf 77' lang='lat' dir='ltr'><strong>coenatu</strong></span> <span class='ocrx_word' id='word_1_200' title='bbox 705 3155 909 3208; x_wconf 70' lang='lat' dir='ltr'><strong>intercessione</strong></span> <span class='ocrx_word' id='word_1_201' title='bbox 925 3153 1078 3208; x_wconf 82' lang='lat' dir='ltr'><strong>tribunicia</strong></span> <span class='ocrx_word' id='word_1_202' title='bbox 1093 3155 1184 3207; x_wconf 80' lang='lat' dir='ltr'><strong>neorii</strong></span> <span class='ocrx_word' id='word_1_203' title='bbox 1199 3155 1309 3208; x_wconf 77' lang='lat' dir='ltr'><strong>enime-</strong></span> 
     </span>
     <span class='ocr_line' id='line_1_29' title="bbox 278 3220 1306 3291; baseline -0.001 -17"><span class='ocrx_word' id='word_1_204' title='bbox 278 3223 336 3276; x_wconf 86' lang='lat' dir='ltr'><strong>ret.</strong></span> <span class='ocrx_word' id='word_1_205' title='bbox 370 3220 490 3274; x_wconf 77' lang='lat' dir='ltr'><strong>Plurolis</strong></span> <span class='ocrx_word' id='word_1_206' title='bbox 507 3223 707 3274; x_wconf 70' lang='lat' dir='ltr'><strong>cmdemnotoo</strong></span> <span class='ocrx_word' id='word_1_207' title='bbox 726 3233 800 3278; x_wconf 71' lang='lat' dir='ltr'><strong>muto</strong></span> <span class='ocrx_word' id='word_1_208' title='bbox 816 3226 904 3288; x_wconf 76' lang='lat' dir='ltr'><strong>optior</strong></span> <span class='ocrx_word' id='word_1_209' title='bbox 919 3233 978 3291; x_wconf 80' lang='lat' dir='ltr'><strong>eet,</strong></span> <span class='ocrx_word' id='word_1_210' title='bbox 997 3225 1066 3288; x_wconf 85' lang='lat' dir='ltr'><strong>quod</strong></span> <span class='ocrx_word' id='word_1_211' title='bbox 1082 3225 1143 3288; x_wconf 73' lang='lat' dir='ltr'><strong>lege</strong></span> <span class='ocrx_word' id='word_1_212' title='bbox 1158 3221 1306 3276; x_wconf 72' lang='lat' dir='ltr'><strong>numus</strong></span> 
     </span>
     <span class='ocr_line' id='line_1_30' title="bbox 278 3289 1306 3410; baseline 0.004 -70"><span class='ocrx_word' id='word_1_213' title='bbox 278 3289 391 3410; x_wconf 71' lang='lat' dir='ltr'><strong>aeprel</strong></span> <span class='ocrx_word' id='word_1_214' title='bbox 413 3299 546 3344; x_wconf 78' lang='lat' dir='ltr'><strong>revocate</strong></span> <span class='ocrx_word' id='word_1_215' title='bbox 566 3293 737 3358; x_wconf 85' lang='lat' dir='ltr'><strong>treqncue</strong></span> <span class='ocrx_word' id='word_1_216' title='bbox 761 3291 918 3346; x_wconf 84' lang='lat' dir='ltr'><strong>clementiae</strong></span> <span class='ocrx_word' id='word_1_217' title='bbox 939 3291 1070 3359; x_wconf 80' lang='lat' dir='ltr'><strong>principle</strong></span> <span class='ocrx_word' id='word_1_218' title='bbox 1091 3291 1196 3345; x_wconf 69' lang='lat' dir='ltr'><strong>moreio</strong></span> <span class='ocrx_word' id='word_1_219' title='bbox 1212 3291 1306 3344; x_wconf 76' lang='lat' dir='ltr'><strong>inim</strong></span> 
     </span>
     <span class='ocr_line' id='line_1_31' title="bbox 277 3369 326 3412; baseline 0.041 -2"><span class='ocrx_word' id='word_1_220' title='bbox 277 3369 326 3412; x_wconf 82' lang='lat' dir='ltr'><strong>era</strong></span> 
     </span>
    </p>
   </div>
   <div class='ocr_carea' id='block_1_4' title="bbox 211 3491 1308 4179">
    <p class='ocr_par' dir='ltr' id='par_1_4' title="bbox 239 3491 1308 3768">
     <span class='ocr_line' id='line_1_32' title="bbox 294 3491 1308 3566; baseline 0.003 -19"><span class='ocrx_word' id='word_1_221' title='bbox 294 3493 326 3547; x_wconf 78' lang='lat' dir='ltr'><strong>(i.</strong></span> <span class='ocrx_word' id='word_1_222' title='bbox 341 3493 386 3547; x_wconf 86' lang='grc'><strong>47.</strong></span> <span class='ocrx_word' id='word_1_223' title='bbox 419 3495 525 3556; x_wconf 65' lang='lat' dir='ltr'><strong>mum]</strong></span> <span class='ocrx_word' id='word_1_224' title='bbox 551 3491 581 3546; x_wconf 76' lang='grc'><strong>81</strong></span> <span class='ocrx_word' id='word_1_225' title='bbox 599 3495 685 3548; x_wconf 86' lang='lat' dir='ltr'><strong>olenrn</strong></span> <span class='ocrx_word' id='word_1_226' title='bbox 704 3505 754 3560; x_wconf 88' lang='lat' dir='ltr'><strong>po-</strong></span> <span class='ocrx_word' id='word_1_227' title='bbox 795 3496 866 3550; x_wconf 83' lang='lat' dir='ltr'><strong>Plin.</strong></span> <span class='ocrx_word' id='word_1_228' title='bbox 879 3497 913 3550; x_wconf 88' lang='lat' dir='ltr'><strong>il.</strong></span> <span class='ocrx_word' id='word_1_229' title='bbox 927 3497 1038 3566; x_wconf 62' lang='grc' dir='ltr'><strong>ΜΨ,</strong></span> <span class='ocrx_word' id='word_1_230' title='bbox 1056 3495 1081 3549; x_wconf 80' lang='lat'><strong>5.</strong></span> <span class='ocrx_word' id='word_1_231' title='bbox 1106 3495 1308 3552; x_wconf 76' lang='lat' dir='ltr'><strong>ileunoleiod</strong></span> 
     </span>
     <span class='ocr_line' id='line_1_33' title="bbox 241 3565 1308 3632; baseline 0.001 -15"><span class='ocrx_word' id='word_1_232' title='bbox 241 3567 303 3629; x_wconf 87' lang='lat' dir='ltr'><strong>pulo</strong></span> <span class='ocrx_word' id='word_1_233' title='bbox 318 3567 420 3617; x_wconf 83' lang='lat' dir='ltr'><strong>tanturn</strong></span> <span class='ocrx_word' id='word_1_234' title='bbox 434 3565 598 3629; x_wconf 79' lang='lat' dir='ltr'><strong>praealtum,</strong></span> <span class='ocrx_word' id='word_1_235' title='bbox 621 3565 687 3615; x_wconf 83' lang='lat' dir='ltr'><strong>nibli</strong></span> <span class='ocrx_word' id='word_1_236' title='bbox 703 3577 753 3615; x_wconf 90' lang='lat' dir='ltr'><strong>ao-</strong></span> <span class='ocrx_word' id='word_1_237' title='bbox 794 3567 944 3618; x_wconf 81' lang='lat' dir='ltr'><strong>iucurtam</strong></span> <span class='ocrx_word' id='word_1_238' title='bbox 973 3569 1092 3619; x_wconf 85' lang='lat' dir='ltr'><strong>uertere</strong></span> <span class='ocrx_word' id='word_1_239' title='bbox 1123 3568 1242 3632; x_wconf 81' lang='lat' dir='ltr'><strong>Graeci,</strong></span> <span class='ocrx_word' id='word_1_240' title='bbox 1276 3567 1308 3618; x_wconf 76' lang='lat' dir='ltr'><strong>in</strong></span> 
     </span>
     <span class='ocr_line' id='line_1_34' title="bbox 240 3631 1307 3702; baseline 0.003 -19"><span class='ocrx_word' id='word_1_241' title='bbox 240 3649 303 3686; x_wconf 83' lang='lat' dir='ltr'><strong>vam</strong></span> <span class='ocrx_word' id='word_1_242' title='bbox 322 3631 591 3687; x_wconf 73' lang='lat' dir='ltr'><strong>intersecantem.</strong></span> <span class='ocrx_word' id='word_1_243' title='bbox 626 3633 754 3686; x_wconf 81' lang='lat' dir='ltr'><strong>Praebuit</strong></span> <span class='ocrx_word' id='word_1_244' title='bbox 793 3637 948 3702; x_wconf 73' lang='lat' dir='ltr'><strong>pymmiia</strong></span> <span class='ocrx_word' id='word_1_245' title='bbox 958 3637 1134 3702; x_wconf 79' lang='lat' dir='ltr'><strong>publicando.</strong></span> <span class='ocrx_word' id='word_1_246' title='bbox 1150 3637 1307 3687; x_wconf 72' lang='lat' dir='ltr'><strong>Addesuet·</strong></span> 
     </span>
     <span class='ocr_line' id='line_1_35' title="bbox 239 3701 1050 3768; baseline -0.001 -16"><span class='ocrx_word' id='word_1_247' title='bbox 239 3711 302 3754; x_wconf 77' lang='lat' dir='ltr'><strong>arcte</strong></span> <span class='ocrx_word' id='word_1_248' title='bbox 316 3703 346 3754; x_wconf 85' lang='lat' dir='ltr'><strong>P.</strong></span> <span class='ocrx_word' id='word_1_249' title='bbox 361 3701 466 3768; x_wconf 75' lang='lat' dir='ltr'><strong>Scipio,</strong></span> <span class='ocrx_word' id='word_1_250' title='bbox 483 3714 560 3766; x_wconf 87' lang='lat' dir='ltr'><strong>quern</strong></span> <span class='ocrx_word' id='word_1_251' title='bbox 573 3701 686 3753; x_wconf 70' lang='lat' dir='ltr'><strong>aedilem</strong></span> <span class='ocrx_word' id='word_1_252' title='bbox 703 3703 752 3752; x_wconf 89' lang='lat' dir='ltr'><strong>dc-</strong></span> <span class='ocrx_word' id='word_1_253' title='bbox 793 3707 827 3756; x_wconf 78' lang='lat' dir='ltr'><strong>N.</strong></span> <span class='ocrx_word' id='word_1_254' title='bbox 841 3707 882 3755; x_wconf 89' lang='grc'><strong>12.</strong></span> <span class='ocrx_word' id='word_1_255' title='bbox 915 3707 957 3756; x_wconf 76' lang='lat' dir='ltr'><strong>Ex</strong></span> <span class='ocrx_word' id='word_1_256' title='bbox 971 3705 1050 3756; x_wconf 82' lang='lat' dir='ltr'><strong>ers.</strong></span> 
     </span>
    </p>

    <p class='ocr_par' dir='ltr' id='par_1_5' title="bbox 211 3769 1307 4179">
     <span class='ocr_line' id='line_1_36' title="bbox 211 3769 1307 3842; baseline 0.003 -21"><span class='ocrx_word' id='word_1_257' title='bbox 211 3799 215 3808; x_wconf 69' lang='lat'>=</span> <span class='ocrx_word' id='word_1_258' title='bbox 238 3773 312 3823; x_wconf 83' lang='lat' dir='ltr'><strong>disse</strong></span> <span class='ocrx_word' id='word_1_259' title='bbox 328 3771 450 3837; x_wconf 76' lang='lat' dir='ltr'><strong>congium</strong></span> <span class='ocrx_word' id='word_1_260' title='bbox 463 3769 515 3822; x_wconf 91' lang='lat' dir='ltr'><strong>olel</strong></span> <span class='ocrx_word' id='word_1_261' title='bbox 527 3769 555 3820; x_wconf 92' lang='lat' dir='ltr'><strong>ln</strong></span> <span class='ocrx_word' id='word_1_262' title='bbox 568 3769 644 3822; x_wconf 83' lang='lat' dir='ltr'><strong>vicos</strong></span> <span class='ocrx_word' id='word_1_263' title='bbox 657 3770 752 3834; x_wconf 75' lang='lat' dir='ltr'><strong>ringu-</strong></span> <span class='ocrx_word' id='word_1_264' title='bbox 843 3771 874 3825; x_wconf 82' lang='lat' dir='ltr'><strong>c.</strong></span> <span class='ocrx_word' id='word_1_265' title='bbox 885 3771 930 3826; x_wconf 81' lang='grc'><strong>48.</strong></span> <span class='ocrx_word' id='word_1_266' title='bbox 959 3771 1128 3836; x_wconf 80' lang='lat' dir='ltr'><strong>memorari]</strong></span> <span class='ocrx_word' id='word_1_267' title='bbox 1145 3771 1210 3826; x_wconf 78' lang='lat' dir='ltr'><strong>Vli-</strong></span> <span class='ocrx_word' id='word_1_268' title='bbox 1223 3771 1307 3842; x_wconf 78' lang='lat' dir='ltr'><strong>xlll,</strong></span> 
     </span>
     <span class='ocr_line' id='line_1_37' title="bbox 238 3837 835 3908; baseline 0.012 -21"><span class='ocrx_word' id='word_1_269' title='bbox 238 3841 280 3889; x_wconf 83' lang='lat' dir='ltr'><strong>loa</strong></span> <span class='ocrx_word' id='word_1_270' title='bbox 293 3841 373 3892; x_wconf 84' lang='lat' dir='ltr'><strong>credo</strong></span> <span class='ocrx_word' id='word_1_271' title='bbox 385 3838 464 3892; x_wconf 84' lang='lat' dir='ltr'><strong>llrlo</strong></span> <span class='ocrx_word' id='word_1_272' title='bbox 476 3837 567 3908; x_wconf 80' lang='lat' dir='ltr'><strong>xxv,</strong></span> <span class='ocrx_word' id='word_1_273' title='bbox 582 3841 607 3888; x_wconf 82' lang='lat'><strong>².</strong></span> <span class='ocrx_word' id='word_1_274' title='bbox 631 3839 711 3890; x_wconf 78' lang='lat' dir='ltr'><strong>lledtr</strong></span> <span class='ocrx_word' id='word_1_275' title='bbox 723 3847 751 3890; x_wconf 82' lang='lat' dir='ltr'><strong>ec</strong></span> <span class='ocrx_word' id='word_1_276' title='bbox 792 3839 835 3894; x_wconf 66' lang='grc'><strong>21</strong></span> 
     </span>
     <span class='ocr_line' id='line_1_38' title="bbox 237 3904 1306 3974; baseline 0.004 -18"><span class='ocrx_word' id='word_1_277' title='bbox 237 3907 268 3957; x_wconf 88' lang='lat' dir='ltr'><strong>c.</strong></span> <span class='ocrx_word' id='word_1_278' title='bbox 280 3905 384 3960; x_wconf 82' lang='lat' dir='ltr'><strong>caesar</strong></span> <span class='ocrx_word' id='word_1_279' title='bbox 402 3909 464 3972; x_wconf 82' lang='lat' dir='ltr'><strong>poet</strong></span> <span class='ocrx_word' id='word_1_280' title='bbox 482 3906 622 3959; x_wconf 82' lang='lat' dir='ltr'><strong>victoriam</strong></span> <span class='ocrx_word' id='word_1_281' title='bbox 637 3908 749 3960; x_wconf 72' lang='lat' dir='ltr'><strong>Africa·</strong></span> <span class='ocrx_word' id='word_1_282' title='bbox 844 3904 1024 3970; x_wconf 73' lang='lat' dir='ltr'><strong>Cossutiano]</strong></span> <span class='ocrx_word' id='word_1_283' title='bbox 1049 3907 1079 3959; x_wconf 85' lang='lat' dir='ltr'><strong>le</strong></span> <span class='ocrx_word' id='word_1_284' title='bbox 1091 3907 1152 3974; x_wconf 72' lang='lat' dir='ltr'><strong>iere</strong></span> <span class='ocrx_word' id='word_1_285' title='bbox 1167 3907 1306 3972; x_wconf 73' lang='lat' dir='ltr'><strong>repetun-</strong></span> 
     </span>
     <span class='ocr_line' id='line_1_39' title="bbox 237 3973 1303 4042; baseline -0.001 -18"><span class='ocrx_word' id='word_1_286' title='bbox 237 3987 314 4037; x_wconf 83' lang='lat' dir='ltr'><strong>nanr3</strong></span> <span class='ocrx_word' id='word_1_287' title='bbox 336 3977 418 4028; x_wconf 88' lang='lat' dir='ltr'><strong>etlam</strong></span> <span class='ocrx_word' id='word_1_288' title='bbox 432 3976 555 4042; x_wconf 74' lang='lat' dir='ltr'><strong>Agrippa</strong></span> <span class='ocrx_word' id='word_1_289' title='bbox 568 3973 595 4025; x_wconf 90' lang='lat' dir='ltr'><strong>in</strong></span> <span class='ocrx_word' id='word_1_290' title='bbox 611 3975 749 4029; x_wconf 81' lang='lat' dir='ltr'><strong>acuttluce</strong></span> <span class='ocrx_word' id='word_1_291' title='bbox 791 3977 896 4030; x_wconf 83' lang='lat' dir='ltr'><strong>dorum</strong></span> <span class='ocrx_word' id='word_1_292' title='bbox 907 3979 1060 4029; x_wconf 79' lang='lat' dir='ltr'><strong>damnetur</strong></span> <span class='ocrx_word' id='word_1_293' title='bbox 1070 3983 1146 4028; x_wconf 84' lang='lat' dir='ltr'><strong>arat:</strong></span> <span class='ocrx_word' id='word_1_294' title='bbox 1161 3977 1217 4028; x_wconf 82' lang='lat' dir='ltr'><strong>rid.</strong></span> <span class='ocrx_word' id='word_1_295' title='bbox 1223 3973 1303 4038; x_wconf 80' lang='lat' dir='ltr'><strong>xxii,</strong></span> 
     </span>
     <span class='ocr_line' id='line_1_40' title="bbox 236 4043 1040 4102; baseline 0.002 -10"><span class='ocrx_word' id='word_1_296' title='bbox 236 4045 470 4094; x_wconf 80' lang='lat' dir='ltr'><strong>oleuneoeaiem.</strong></span> <span class='ocrx_word' id='word_1_297' title='bbox 504 4043 748 4096; x_wconf 79' lang='lat' dir='ltr'><strong>sedncmoeorum</strong></span> <span class='ocrx_word' id='word_1_298' title='bbox 791 4051 836 4102; x_wconf 72' lang='lat'><strong>³³.</strong></span> <span class='ocrx_word' id='word_1_299' title='bbox 861 4047 979 4099; x_wconf 79' lang='lat' dir='ltr'><strong>eolixl</strong></span> <span class='ocrx_word' id='word_1_300' title='bbox 1014 4049 1040 4095; x_wconf 84' lang='lat'><strong>6.</strong></span> 
     </span>
     <span class='ocr_line' id='line_1_41' title="bbox 236 4079 1304 4179; baseline -0.003 -14"><span class='ocrx_word' id='word_1_301' title='bbox 236 4113 269 4165; x_wconf 79' lang='lat' dir='ltr'><strong>ao</strong></span> <span class='ocrx_word' id='word_1_302' title='bbox 296 4112 482 4179; x_wconf 62' lang='lat' dir='ltr'><strong>aunarium,</strong></span> <span class='ocrx_word' id='word_1_303' title='bbox 514 4111 583 4179; x_wconf 76' lang='lat' dir='ltr'><strong>qaod</strong></span> <span class='ocrx_word' id='word_1_304' title='bbox 602 4111 645 4164; x_wconf 80' lang='lat' dir='ltr'><strong>bic</strong></span> <span class='ocrx_word' id='word_1_305' title='bbox 667 4115 747 4166; x_wconf 70' lang='lat' dir='ltr'><strong>Nero.</strong></span> <span class='ocrx_word' id='word_1_306' title='bbox 840 4125 922 4168; x_wconf 85' lang='lat' dir='ltr'><strong>mere</strong></span> <span class='ocrx_word' id='word_1_307' title='bbox 939 4079 1094 4176; x_wconf 66' lang='lat' dir='ltr'><strong>odom]</strong></span> <span class='ocrx_word' id='word_1_308' title='bbox 1117 4111 1154 4165; x_wconf 80' lang='lat' dir='ltr'><strong>tlt</strong></span> <span class='ocrx_word' id='word_1_309' title='bbox 1172 4107 1235 4166; x_wconf 80' lang='lat' dir='ltr'><strong>naui</strong></span> <span class='ocrx_word' id='word_1_310' title='bbox 1251 4109 1304 4159; x_wconf 77' lang='lat' dir='ltr'><strong>lo·</strong></span> 
     </span>
    </p>
   </div>
   <div class='ocr_carea' id='block_1_5' title="bbox 0 0 1440 4804">
    <p class='ocr_par' dir='ltr' id='par_1_6' title="bbox 0 0 1440 4804">
     <span class='ocr_line' id='line_1_42' title="bbox 0 0 1440 4804; baseline 0 5"><span class='ocrx_word' id='word_1_311' title='bbox 0 0 1440 4804; x_wconf 95' lang='lat' dir='ltr'><strong> </strong></span> 
     </span>
    </p>
   </div>
  </div>
 </body>
</html>
