2862 4810
253 249 323 319 276
512 296 517 305 .
640 235 952 312 Aumatium

203 433 370 508 uectum
383 438 420 500 et
436 429 547 518 'gratia
561 427 708 546 desiere,
728 427 924 511 insmluitr
952 425 1123 518 petituque
1133 425 1333 496 criminibus

242 537 346 607 baud
360 535 504 623 ignotis,
530 555 592 602 sua
610 529 709 601 menn
728 555 804 602 sera
820 531 927 620 magis
941 553 1041 620 quarn
1059 531 1228 600 immerita
1249 553 1333 620 sup-

254 641 356 734 plicia
371 639 544 730 persolvit.

306 778 314 800 ·
354 745 411 812 2⁷.
433 741 505 809 Tot
521 740 671 810 luctibus
690 741 826 807 fencem
840 737 981 807 civitate
991 759 1071 827 para
1089 736 1251 805 maeroris
1265 735 1333 803 init

256 845 347 936 quod
364 845 454 914 {ulla
470 841 680 924 bruel-tilia,
700 842 865 931 quondam
883 840 1029 912 Neronis
1045 861 1149 923 uror,
1170 839 1332 927 denupsit

246 951 292 1018 in
314 949 449 1016 dourrinn
461 947 621 1018 *nubum
637 945 777 1028 Blandi,
803 946 899 1014 euius
920 969 1017 1015 avum
1036 943 1216 1013 Tiburtem
1235 941 1331 1030 aqui·

246 1061 325 1122 rtem
337 1053 523 1121 Manum
535 1053 689 1140 plerique
705 1050 932 1119 meminerant.
974 1050 1132 1118 Extremo
1146 1045 1225 1113 anni
1238 1061 1329 1110 more

244 1157 351 1225 «Aelii
363 1155 631 1224 Lardi'aedunera
641 1155 792 1221 censorio
807 1153 995 1234 celebrato,
1021 1151 1080 1241 qui
1094 1150 1330 1217 administran-

245 1257 318 1327 dae
349 1257 473 1328 Sdria'e
496 1260 640 1345 imagine
670 1257 802 1325 tandum
831 1259 1005 1324 exsolutus
1027 1254 1104 1321 urbi
1127 1253 1330 1342 praefuerat.

252 1361 448 1430 Genns'illi·
466 1359 641 1443 decorum,
671 1357 782 1428 vivida
802 1369 973 1442 uenantum
1014 1365 1050 1426 et
1074 1379 1140 1424 uon
1163 1355 1328 1446 permissa

246 1465 425 1554 piorincis
442 1463 662 1550 dignationem
681 1463 868 1534 addiderat.
908 1461 995 1530 Exin
1006 1461 1128 1529 Flacco
1144 1458 1329 1548 Pomponio

244 1569 376 1638 ,suriae
396 1575 614 1656 propraetore
634 1565 789 1634 defuncto
811 1566 997 1634 renitantur
1011 1564 1165 1633 Gaesarie
1179 1565 1328 1646 litterae,

252 1673 332 1759 quis
353 1671 545 1751 incusabat,
573 1671 742 1757 egregium
766 1691 931 1758 quemque
950 1677 985 1736 et
1006 1669 1160 1757 regendis
1173 1669 1327 1736 exerciti-

252 1775 316 1840 bus
338 1771 492 1838 idoneum
514 1773 658 1840 abnuero
678 1773 714 1840 id
735 1795 871 1855 munus,
897 1795 998 1861 seque
1020 1795 1059 1839 ea
1078 1771 1326 1841 necessitudine

250 1875 297 1943 ad
315 1899 433 1966 preces
454 1875 547 1962 cogi,
580 1899 642 1966 per
662 1899 745 1967 quas
764 1877 989 1944 consularium
1018 1877 1123 1965 aliqui
1150 1895 1326 1965 capessere

247 1979 440 2069 provincias
453 1977 683 2066 adigerentur,
703 1981 829 2048 oblitus
844 1981 1064 2062 Arruntium,
1091 2001 1133 2048 ne
1148 1981 1181 2047 in
1200 1979 1324 2068 Hispa-

249 2083 340 2152 biam
359 2093 533 2174 pergeret,
557 2079 718 2149 decimum
735 2084 802 2149 iam
825 2105 945 2150 annum
965 2084 1114 2154 attineri.
1155 2083 1255 2150 Obiit
1270 2103 1326 2148 eo-

250 2185 326 2255 dem
343 2209 428 2254 anno
442 2194 478 2253 at
489 2185 623 2254 Marcus
637 2185 800 2274 Lepidus,
820 2185 863 2252 de
874 2187 970 2252 euius
987 2186 1211 2254 moderatione
1224 2193 1325 2274 utque

249 2289 416 2378 sapientia
436 2290 472 2356 in
493 2289 663 2378 prioribus
683 2289 783 2356 libris
801 2290 886 2357 satis
909 2291 1081 2362 collocavi.
1125 2289 1246 2380 Neque
1265 2309 1325 2356 no-

248 2391 366 2461 bilitas
381 2391 508 2460 dintius
523 2391 778 2461 demonstranda
791 2399 862 2460 est:
883 2395 1006 2486 quippe
1022 2395 1206 2463 Aemilium
1220 2415 1324 2482 genoe

248 2496 426 2564 iocundum
451 2497 611 2564 bonorum
633 2497 772 2578 civium,
798 2505 835 2562 et
856 2499 915 2584 qui
935 2497 1050 2566 eadem
1068 2497 1196 2566 ramilis
1209 2517 1325 2565 corro-

248 2601 318 2692 ptie
335 2600 505 2679 moribus,
525 2600 653 2668 illustri
666 2606 777 2668 tamen
790 2599 922 2666 lortnna
937 2621 1045 2688 egere.

79 2729 241 2796 (gam)
350 2703 408 2772 28.
442 2700 549 2769 Paulo
576 2703 700 2786 Fabio,
734 2701 839 2770 Lucio
865 2703 1004 2772 Vitellio
1030 2703 1223 2772 consulibus
1246 2709 1323 2793 post

100 2815 216 2874 aaut.
247 2805 384 2890 longum
407 2809 616 2875 saeculorum
640 2807 800 2874 ambitum
819 2807 891 2872 arlo
911 2808 1053 2895 phoenix
1074 2807 1107 2874 in
1128 2809 1321 2898 Aegyptum

246 2909 358 2990 seuit,
389 2909 610 3000 praebuitque
631 2913 802 2979 materiem
821 2909 1026 2978 doctissimis
1041 2909 1270 2997 indigenarum
1289 2919 1326 2978 ct

262 3179 269 3196 .
300 3111 331 3166 0.
346 3116 392 3168 27.
425 3115 573 3182 denupsit]
598 3117 768 3170 latrenobi-
859 3121 1008 3187 corruptis
1025 3119 1165 3182 metor]
1180 3119 1321 3184 §cimge-

248 3183 572 3256 immensumque,
595 3195 624 3238 ut
641 3189 705 3254 XV,
722 3192 765 3244 37.
808 3201 856 3250 rc,
896 3193 920 3240 h.
948 3205 972 3240 e.
997 3193 1113 3244 moribus
1144 3190 1205 3240 mali
1232 3199 1320 3241 erant.

248 3253 323 3308 fluet.
338 3251 401 3302 Ner.
416 3255 460 3304 29.
807 3255 945 3318 Significat
960 3257 1030 3310 ieter
1042 3261 1110 3311 ulios
1127 3259 1165 3310 nr.
1177 3257 1322 3310 Aemilium

301 3321 433 3381 bomine]
457 3321 500 3372 Ad
518 3334 595 3386 quern
615 3324 679 3376 tior.
697 3325 728 3376 c.
741 3326 765 3394 1,
808 3325 937 3387 Lepidum
953 3329 1130 3392 triumvirum,
1147 3335 1175 3376 et
1187 3326 1261 3377 illurn
1275 3329 1321 3390 qui

248 3392 295 3444 bt·
318 3391 375 3456 111,
394 3391 438 3442 ti.
468 3391 509 3444 Da
527 3393 624 3444 iuuere
642 3395 765 3447 censorio
807 3401 871 3442 anta
901 3397 970 3445 bunc
999 3406 1061 3459 post
1089 3397 1182 3448 sullae
1209 3406 1322 3447 mortem

249 3458 401 3524 v.1v,15.
808 3462 932 3516 turbidis
950 3466 1146 3533 repottoutbas
1168 3465 1242 3526 (111,
1262 3468 1322 3528 28]

302 3527 439 3594 lanugine]
464 3531 605 3593 Nunquam
619 3531 688 3582 enim
699 3543 766 3593 pro-
805 3533 891 3583 otlurn
904 3533 974 3600 reip.
990 3537 1207 3599 perturbaverat.
1231 3535 1325 3588 Dono.

251 3597 371 3650 vinciam
384 3595 459 3654 eodo
481 3599 523 3652 Do
537 3601 587 3651 tsll
600 3613 652 3652 usu
665 3601 765 3653 ricerii

252 3665 412 3732 'id-¹58⁰·
860 3667 891 3720 c·
913 3669 956 3722 ²⁸·
995 3669 1324 3730 Pmusm]

246 3761 250 3770 .
301 3734 448 3798 prioritate
461 3732 557 3797 libris]
574 3737 766 3802 v-prnesipue
807 3735 859 3787 Dio
885 3739 997 3807 bVlli,
1026 3741 1071 3793 27.
1104 3741 1212 3791 Solinus
1233 3753 1258 3791 o.
1279 3742 1323 3789 38.

250 3801 304 3870 lv,
322 3805 365 3854 ²⁰.
805 3805 876 3858 rrru.
891 3809 934 3875 x,
952 3811 979 3858 2.
996 3809 1103 3861 biennio
1115 3810 1248 3872 posterius
1262 3821 1324 3858 enrn

246 3913 250 3922 .
303 3871 452 3931 collocem]
477 3869 499 3920 i·
515 3883 541 3920 e.
567 3871 637 3940 dlxi,
659 3879 690 3924 ut
708 3873 766 3924 cie.
808 3875 921 3927 venisse
935 3877 1219 3939 voluntariarum
1232 3877 1324 3929 Ua-

253 3939 337 4005 bagg.
350 3941 396 4004 11,
415 3943 442 3990 t.
465 3937 589 4007 Magarsa
605 3942 655 3993 tlte
666 3943 767 3994 noster
807 3943 916 4008 piniano
927 3957 999 3998 oosn.
1015 3949 1123 3999 Vereor
1134 3951 1165 3998 ut
1174 3952 1249 4000 stare
1257 3957 1324 4008 pos-

252 4019 298 4060 sae
308 4009 446 4060 aedunt·
458 4009 587 4073 passm
605 4009 638 4063 ta
650 4011 767 4081 tuido,
808 4011 847 4065 eit
859 4015 948 4069 Tecitt
966 4017 1104 4073 moseum
1119 4025 1217 4070 eontra
1226 4021 1266 4070 tot
1278 4019 1323 4066 ta-
