2868 4802
337 247 440 320 ΗΒ.
469 244 568 318 xlv.
613 242 733 320 GAP.
756 249 914 319 nti-29.
1100 255 1167 322 449

101 446 220 532 iusque
243 435 371 508 aratris
389 433 569 516 militibus,
590 439 630 502 ut
640 453 802 502 sumansu
817 439 852 502 et
865 431 1007 504 omitote
1021 458 1090 506 rem
1106 459 1166 528 pu·
1180 457 1224 519 ep.

102 549 223 616 bliaanr
245 543 431 620 elicerent,
458 539 518 606 sed
530 537 636 623 ignoti
647 538 734 606 inter
746 560 802 618 se,
823 536 965 606 dirersis
979 544 1168 633 manipulis,

103 653 176 718 einr
190 653 336 726 miore,
355 643 428 710 sine
444 640 617 710 olleotibne
635 643 779 721 mutuis,
802 642 899 730 quasi
910 663 951 708 ex
965 645 1032 712 alio
1046 667 1168 731 genere

104 751 313 830 mortalium,
345 752 483 836 repente
506 745 542 812 in
571 765 672 812 unum
697 745 852 826 oolleoti,
882 767 1039 818 numerus
1060 748 1167 836 magis

103 876 201 944 quam
222 847 363 920 uolonia.

204 957 261 1026 28.
289 949 434 1021 Comitia
455 953 646 1040 praetomm
667 949 809 1018 arbitrio
827 956 965 1020 uantur
982 950 1098 1020 baberi
1111 975 1166 1021 so·

104 1059 184 1138 lita,
211 1051 302 1144 quod
322 1050 451 1118 aoriore
471 1049 599 1118 ambitu
620 1061 831 1137 exarserant,
858 1055 1015 1144 prinoeps
1033 1075 1167 1144 eompa-

105 1161 193 1242 suit,
220 1158 304 1238 tris,
329 1154 389 1243 qui
407 1175 510 1244 supra
529 1175 701 1222 numerum
724 1155 899 1244 petebant,
925 1156 1050 1244 legium
1070 1179 1166 1248 prae-

105 1259 259 1332 triento.
306 1256 483 1344 Auxitque
501 1263 635 1346 patrum
655 1257 810 1324 bonorem
830 1257 1025 1342 statuendo,
1051 1269 1090 1329 ut
1109 1263 1168 1349 qui

107 1361 283 1456 epriratis
297 1359 465 1428 iuditibus
483 1358 526 1426 ed
543 1363 694 1426 senatum
708 1361 997 1448 prorooaaiasont,
1021 1363 1186 1434 moedoru-

109 1466 267 1556 psounine
285 1462 470 1554 perioulurn
490 1460 656 1543 lacerent,
679 1463 775 1530 ouius
788 1462 834 1546 ii,
861 1465 918 1552 apri
937 1463 1170 1554 imperatorem

109 1570 331 1662 appellavere.
384 1585 459 1632 nam
489 1569 589 1632 antea
616 1585 754 1632 vaenum
777 1561 814 1632 id
833 1567 1044 1656 solutumque
1066 1591 1174 1657 poena

109 1675 232 1744 iuerat.
274 1669 358 1738 Fine
379 1665 459 1734 anni
475 1663 600 1733 Vibius
620 1664 792 1734 Saonndus
805 1689 909 1756 eques
927 1669 1098 1739 Romanus
1118 1697 1173 1745 an-

109 1772 304 1846 eosantibns
323 1769 453 1838 Mauris
479 1766 737 1854 repetundarum
762 1767 938 1838 damnatur
955 1778 1056 1860 atque
1073 1773 1176 1844 ltalia

110 1879 275 1966 exigitur,
294 1893 336 1940 ne
351 1871 503 1957 graviora
519 1892 625 1961 poena
639 1870 847 1958 aibaeretur,
866 1873 962 1944 Vibii
978 1873 1094 1966 Crispi
1108 1878 1176 1948 ire·

110 1983 174 2050 tris
188 1978 308 2070 opibus
320 1975 447 2046 anuos·

211 2081 269 2149 29.
294 2073 456 2147 Caesonio
472 2073 577 2144 Paeto
589 2083 625 2143 et
640 2071 800 2144 Petronio
814 2076 1014 2170 Turpiliano
1033 2081 1342 2148 nonnuli-(until.)

112 2185 177 2252 bus
199 2179 311 2268 pravis
332 2177 445 2246 elates
464 2177 499 2246 in
521 2177 696 2248 Britannia
715 2188 864 2271 aeospta.
912 2181 955 2250 In
978 2205 1044 2270 qua
1071 2205 1178 2272 neque
1203 2165 1319 2220 ΝΜ·

114 2281 359 2358 Aulusnidios
369 2283 512 2370 legatus,
532 2289 572 2350 ut
587 2283 775 2364 memoravi,
789 2282 855 2348 nisi
867 2292 966 2374 parta
981 2287 1180 2368 retinuerat,

112 2399 147 2460 et
160 2406 333 2458 successor
350 2383 518 2454 Veranius
540 2383 678 2454 modicis
698 2385 893 2454 excursibus
918 2383 1050 2456 Siluras
1070 2409 1179 2479 popu·

111 2497 224 2572 lotar,
245 2489 326 2578 quin
337 2489 428 2554 ultra
442 2485 566 2552 bellum
583 2489 762 2575 proferret,
782 2495 890 2556 morte
904 2490 1092 2578 prohibitus
1104 2499 1179 2572 sst3

113 2617 232 2682 magne
257 2591 334 2657 dum
354 2590 437 2658 vixit
458 2591 650 2658 severitatis
663 2589 768 2670 lama,
796 2589 961 2677 supremis
984 2594 1177 2660 testamenti

12 2723 24 2734 ·
112 2699 225 2770 verbis
245 2691 434 2762 ambitionis
456 2693 673 2760 manifestus:
697 2693 821 2780 quippe
841 2695 945 2760 multa
958 2693 994 2760 in
1006 2691 1175 2764 Neronem

114 2799 304 2870 adulatione
321 2792 451 2862 addidit
470 2795 696 2863 sabisotnrum
716 2795 748 2861 ei
769 2795 970 2882 provintiam
992 2795 1116 2879 iubes,
1144 2797 1176 2864 si

113 2901 246 2976 biennio
264 2897 413 2990 proximo
438 2897 587 2970 vixisset.
634 2895 703 2967 sen
722 2903 792 2963 tum
811 2894 973 2968 Paulinus
994 2899 1176 2970 Suetonius

113 3003 284 3077 obtinebat
301 3001 501 3080 Britannos,
528 3000 667 3068 soientia
687 3001 826 3067 militiae
844 3007 879 3068 et
898 3023 1031 3070 ramore
1052 3004 1178 3094 populi,

114 3113 173 3204 qui
191 3107 351 3178 neminem
371 3103 443 3170 sine
464 3104 593 3170 aemulo
613 3103 711 3185 sinit,
737 3102 937 3174 Corbulonis
956 3115 1177 3188 oonoertator,

112 3221 331 3306 reaeptaeqne
341 3205 520 3274 Armeniae
532 3201 634 3274 denus
646 3225 788 3295 aequare
800 3205 937 3278 domitis
949 3209 1177 3301 perduellibus

179 3403 269 3458 cas.
302 3395 412 3470 fratris
428 3393 524 3462 optans
541 3395 666 3450 l’lolrsna·
699 3401 737 3449 At
752 3401 808 3450 lla.
824 3399 988 3468 frisortiun

181 3473 212 3525 0.
226 3475 272 3526 29.
304 3467 485 3536 pannuciam
500 3465 560 3518 rdd-
592 3467 629 3519 nt
644 3469 698 3518 lla·
712 3469 886 3531 prosimus.

167 3653 255 3708 028.
277 3651 531 3722 aronioreporno]
550 3647 624 3704 Util-
717 3653 872 3716 waremie]
893 3649 1177 3717 uumutlpar·

116 3723 226 3776 Silanus
234 3723 287 3789 111,
299 3725 343 3785 68,
357 3723 399 3772 nul
409 3719 626 3786 aqnaotlgnlln-
668 3726 695 3770 te
714 3733 792 3784 quarn
811 3734 962 3786 suprema.
975 3731 1003 3775 aa
1017 3719 1095 3775 brevi
1112 3729 1177 3774 anas
1212 3747 1223 3764 .

116 3792 260 3846 tertianam
272 3791 478 3854 repetundarum
492 3791 626 3842 nanneto.
667 3791 777 3842 nonen
797 3791 964 3858 sarlpserat3
991 3803 1044 3857 qno
1057 3790 1178 3846 aduno·

168 3861 201 3912 0.
219 3863 263 3911 29.
296 3861 331 3909 at
349 3859 517 3920 memoravi]
548 3857 627 3909 lloutl
668 3855 749 3908 ntitas
762 3859 870 3912 aluntur
883 3859 993 3928 bonito,
1009 3861 1080 3926 quud
1092 3872 1177 3922 mano

116 3929 198 3984 dabla
210 3927 277 3992 xil,
293 3925 338 3978 to.
355 3929 425 3978 unde
438 3929 463 3978 l.
477 3929 495 3979 1.
509 3925 627 3988 serlptu-
668 3927 840 3980 moribundus
860 3929 967 3984 manat
984 3931 1072 3988 nunno
1093 3928 1179 3982 vuult

117 4013 177 4052 ram
206 3999 281 4050 llss.
315 3995 428 4048 tonnus
455 4009 506 4059 pro
538 3993 628 4046 Aulus
670 3997 744 4050 bomo
757 3996 876 4064 mapula
889 4009 1012 4052 aarum.

117 4067 272 4120 emendavit
283 4065 394 4130 Lipsius
406 4067 466 4116 ooll.
480 4069 545 4130 Agr.
561 4059 603 4114 tt.

159 4155 292 4218 Turum,
309 4151 353 4204 ed.
367 4151 544 4204 Doederlein.
933 4133 977 4198 29
