2868 4802
416 289 519 365 ΜΒ.
544 291 644 366 xiv.
685 291 819 366 cii-Pa
829 301 860 371 1.
881 299 916 368 2.
1135 293 1205 376 *Β

137 487 240 550 tatem
263 485 299 548 et
318 499 431 547 verum
454 473 623 549 animum?
647 481 760 550 timeri
773 503 814 551 na
829 503 914 552 uror
926 484 1044 552 aaltem
1061 487 1253 564 ieiunasse

137 591 289 676 patrum,
322 583 407 650 iram
431 585 549 674 populi
574 583 733 654 adversus
757 587 948 679 superbiam
965 587 1204 682 avaritiamque

138 689 257 754 matris
270 687 411 774 aperiat.
454 685 589 774 Quodsi
608 709 727 755 nurum
749 689 939 779 Agrippina
961 711 1025 758 non
1048 693 1114 759 nisi
1133 695 1205 766 lilio

138 789 293 856 intestam
317 789 406 856 tarro
425 797 562 879 posset,
591 787 756 858 reddatur
776 791 851 882 ipea
873 793 1016 860 Otbouie
1038 795 1205 882 oouiugio.

137 889 265 959 lteram
282 913 416 982 moquo
436 897 621 976 terraram,
641 893 698 961 ubi
713 893 845 961 audiret
856 895 971 988 ‘potius
986 899 1205 966 oontumelias

139 1089 239 1187 atquo
261 1097 342 1164 talia
361 1099 509 1166 lacrimis
533 1105 568 1164 et
590 1105 663 1165 arte
684 1098 855 1166 adulterae
876 1102 1082 1188 penetrantia
1108 1121 1206 1172 namo

138 1202 347 1290 prohibebat,
367 1201 578 1290 cupientibus
590 1201 718 1269 eunetis
731 1203 868 1290 iniringi
880 1209 1060 1291 potentiam
1077 1209 1209 1292 matrls',

140 1314 175 1371 st
189 1303 345 1372 erodente
357 1307 450 1371 nullo
463 1325 570 1393 usque
583 1303 625 1370 ad
639 1303 770 1372 eaedem
784 1307 857 1374 eius
870 1307 1106 1379 duratarn'tilti
1118 1307 1208 1382 odia.

141 1411 175 1477 2.
203 1405 326 1474 Tradit
347 1405 488 1477 Cluvius
508 1405 629 1474 ardore
649 1407 840 1476 retinendae
855 1411 1078 1502 Agrippinam
1091 1421 1229 1503 poten-1

140 1508 209 1577 tiae
229 1531 268 1576 eo
290 1531 396 1598 usque
412 1517 620 1600 proveetum,
648 1517 688 1576 ut
704 1507 812 1578 medio
826 1509 910 1596 diei,
941 1535 1014 1580 eum
1029 1513 1064 1581 id
1080 1525 1209 1608 tempo-

139 1611 189 1682 ris
202 1609 295 1681 Nero
308 1635 370 1703 per
384 1615 492 1683 vinum
507 1621 543 1681 et
554 1615 671 1703 epulas
685 1613 912 1696 inualaeaerot,
933 1615 1069 1686 offerret
1082 1635 1120 1686 ee·
1134 1637 1209 1688 eaa'·

140 1717 216 1807 pius
231 1719 411 1784 temulento
426 1723 590 1807 comptam
604 1725 640 1784 at
653 1717 779 1784 inoesto
794 1725 958 1808 paratrn.
1000 1719 1137 1810 lamque
1157 1725 1209 1790 ias
1268 1766 1271 1770 -

140 1821 229 1890 saiva
243 1821 356 1888 oseula
370 1828 405 1888 et
417 1821 631 1911 praenuntias
646 1819 764 1905 flagitii
777 1819 959 1888 blanditiae
972 1821 1209 1892 adnotantibus

139 1923 311 2014 proximis,
332 1921 491 1992 Senecam
507 1931 622 1991 eontra
639 1925 818 1992 muliebres
830 1925 1006 1992 illeoabrae
1020 1925 1209 1995 subsidium

139 2051 159 2096 a
179 2028 300 2094 lomina
322 2025 501 2116 petivisse,
527 2025 775 2118 immissamque
789 2029 902 2095 Autan
920 2027 1095 2112 libertam,
1121 2049 1209 2120 quae

11 2211 13 2220 Ι
140 2133 243 2200 simul
274 2151 335 2197 suo
360 2129 510 2220 periculo
536 2139 571 2197 ot
599 2129 734 2198 iniamia
761 2127 910 2199 Neronis
934 2131 1209 2218 anxietatem

139 2233 371 2326 pervulgatum
391 2255 466 2300 essa
485 2233 649 2300 ineaatum
669 2233 834 2320 gloriante
856 2238 980 2314 matre,
1009 2253 1070 2301 neo
1084 2237 1210 2304 tolera·

140 2349 236 2408 turos
257 2337 381 2406 milites
400 2335 532 2424 profani
548 2335 709 2424 prinaipis
721 2331 909 2427 imperium.
951 2333 1078 2404 Fabius
1091 2335 1211 2408 Raetii·

139 2467 199 2511 eus
214 2435 706 2530 nonAgrippinaasodNoroni
721 2441 868 2530 eupitum
883 2435 919 2504 id
934 2446 1106 2521 memorat,
1120 2441 1211 2508 eius·

140 2547 280 2634 demque
300 2545 443 2610 libertae
462 2549 540 2608 astu
560 2539 749 2612 disiectum.
793 2539 859 2609 Sed
873 2559 959 2630 quae
974 2539 1134 2623 Cluvius,
1154 2566 1211 2611 ea·

140 2651 215 2719 dem
232 2647 337 2716 oetsri
353 2667 483 2736 quoque
497 2651 652 2712 auctores
666 2643 862 2737 prodidere,
883 2651 919 2710 et
937 2644 1026 2710 fama
1038 2644 1102 2710 buo
1113 2645 1211 2714 inali-

140 2764 216 2840 nat,
246 2774 305 2820 seu
327 2750 478 2838 ooneepit
497 2749 605 2815 auimo
626 2754 755 2815 tantum
776 2747 993 2828 immanitatis
1007 2745 1212 2841 Agrippina,

140 2879 202 2924 seu
223 2853 542 2941 credibilioruovae
566 2849 719 2920 libidinis
740 2849 913 2918 meditatio
931 2850 967 2918 iu
990 2871 1029 2918 oe
1052 2851 1212 2937 rimosi,

209 3047 280 3100 (3.1.
314 3046 459 3098 reddatur
481 3045 544 3098 add.
578 3045 616 3097 Aa
631 3045 687 3098 iia.
708 3043 855 3100 redditam
887 3043 1016 3112 suspicor
1033 3003 1095 3100 oum
1110 3043 1212 3102 erma

173 3115 435 3172 narrarentur.

191 3301 319 3356 totumue
341 3303 482 3356 obsoumm
511 3307 570 3366 est,
592 3297 653 3352 eise
697 3313 812 3369 prorsue
838 3299 883 3353 blo
914 3301 1034 3354 eamne·
1065 3306 1213 3354 nauomtu

142 3372 277 3425 obteotlva
293 3373 430 3438 intelliges
441 3371 578 3439 patrum,
594 3369 655 3420 alva
698 3375 778 3435 eunt3
807 3383 870 3423 uam
889 3367 917 3422 iu
936 3383 1016 3423 unam
1037 3367 1213 3434 agrippinam

142 3441 304 3494 ermemiro.
330 3443 399 3494 Neu
414 3441 439 3490 ei
455 3437 656 3506 uelamine,
698 3439 841 3504 Poppaeae
868 3439 1068 3491 criminationes
1091 3435 1211 3490 simmaa

143 3518 173 3559 ut
191 3509 356 3573 Agrippinae
379 3521 467 3575 erga
496 3511 656 3560 sanatum
699 3517 772 3571 suna,
789 3506 1028 3562 nonlneanatum.
1061 3507 1214 3568 οιιιοιιι-

143 3575 303 3628 iniuriae
334 3579 534 3642 intelligantur,
577 3589 656 3630 arro·
699 3576 807 3640 epioor:
825 3575 1081 3640 tnntdtoapatram.
1107 3571 1215 3626 lesuin

138 3649 242 3710 'gamm
260 3657 374 3696 earam
393 3649 518 3710 gessem
528 3645 657 3711 Agrippi·
699 3645 806 3696 babitus
816 3647 876 3696 arat
886 3649 981 3694 sanem
993 3655 1046 3695 nou
1059 3641 1213 3711 Maeona,

144 3725 195 3775 na3
220 3715 268 3763 ead
289 3725 358 3777 ιιιι
377 3716 495 3781 rasam,
518 3719 657 3766 contuma-
700 3713 811 3765 tentata
824 3713 842 3762 i.
856 3725 881 3762 e.
895 3711 1041 3775 indignatio
1053 3709 1213 3763 aemulatio-

143 3783 198 3834 llee
211 3781 306 3832 verius
318 3783 483 3835 habebantur
494 3795 574 3848 quam
585 3783 658 3836 luia-
701 3795 736 3834 ne
747 3783 846 3844 mixta3
868 3791 964 3831 rursus
977 3780 1076 3844 populo
1087 3779 1137 3830 tra
1149 3789 1215 3834 oan-

143 3851 219 3914 riaea
240 3850 659 3920 neoiiaroadaopatrumamaae
701 3851 837 3903 veniebat.
870 3849 1006 3900 Pluraiem
1027 3847 1151 3900 mattiae
1165 3847 1216 3901 Ot-

144 3933 179 3972 ae
192 3929 265 3971 autor
279 3927 356 3985 arat,
380 3925 411 3971 at
424 3921 516 3973 taliam
529 3925 660 3974 reeorda-
688 3925 764 3972 'oero
780 3919 860 3971 rebat
875 3917 982 3968 Oiueno.
1003 3917 1048 3971 aa·
1071 3917 1166 3970 vatin.
1185 3918 1215 3971 iu

143 3988 660 4044 tionemoitareoar:sineunieooi-
702 3987 1029 4054 epp.eoiiamu.V‚a.
1063 3985 1155 4040 Doara

142 4072 186 4110 ve
199 4057 351 4126 oooeperts,
363 4059 396 4109 da
407 4067 517 4112 ιιιιιιιι
529 4069 597 4125 arga
605 4059 661 4108 Νι-
754 4055 787 4109 c.
799 4060 825 4108 ².
858 4055 990 4116 σίιιυίιιι]
1008 4053 1074 4108 vid.
1082 4055 1215 4127 xum

144 4125 661 4197 mummiumeoenqmrsera,
739 4125 872 4195 Μία]
895 4123 1069 4195 nelma
1169 4153 1173 4162 ·
