2862 4810
251 219 320 304 'tm
637 223 949 298 Annenluu

203 415 399 507 ⁴7.inrugine
412 411 610 504 gravitatem
624 435 773 484 annonae
787 413 941 486 dixisset.
969 413 1106 506 qnidam
1120 415 1335 507 pmnpinee·
1412 497 1413 508 χ

252 544 410 594 eoronam
429 519 620 586 albentibue
638 519 733 586 'loliie
753 521 857 588 vicem
877 529 978 608 atquo
999 523 1049 587 ita
1070 513 1335 611 interpretatura

255 625 445 707 tradidere,
472 631 630 708 vergente
649 631 828 690 auctumno
849 634 990 692 mortem
1009 625 1172 714 principie
1186 625 1335 698 aeunni.

253 729 347 802 Illud
370 728 458 796 baud
478 727 677 814 ambigitur,
704 729 927 817 qualicunque
942 729 1105 796 ineomnio
1127 729 1195 818 ipoi
1214 729 1337 798 frami-

255 857 322 924 que
336 832 515 923 perniciem
530 833 680 901 adeum.
716 831 916 902 Sestertium
931 831 1124 920 quindeciae
1139 839 1174 898 ot
1186 834 1336 920 ioeignic

163 993 169 1002 .
254 948 433 1033 praeturae
447 935 604 1024 Crispino
619 934 766 1006 decreta.
805 937 947 1005 Adiecit
960 936 1124 1004 Vitelliue
1136 939 1334 1006 eeotertinm

253 1045 368 1114 deciae
389 1040 541 1119 Sosibio,
568 1037 659 1127 quod
677 1040 908 1108 Britannicum
923 1041 1130 1130 praeceptio,
1151 1037 1333 1110 Claudium

256 1147 410 1218 consiliio
431 1147 573 1215 iuvaret.
624 1143 777 1230 Rogatue
798 1146 996 1212 sententiam
1019 1153 1056 1210 et
1077 1143 1192 1233 Scipio
1225 1167 1332 1227 „cum

254 1255 371 1322 idem“
387 1249 498 1338 inquit
509 1245 580 1330 „de
593 1247 750 1316 admieeie
759 1245 935 1337 Poppaeae
949 1251 1090 1316 eentiarn
1101 1247 1192 1335 quod
1206 1270 1334 1332 omnen,

253 1351 917 1449 putatemeiderndicaraquodomnee:“
938 1352 1334 1442 elegentitemperamen-

254 1473 290 1529 to
304 1463 394 1528 inter
410 1457 616 1542 coniugalem
629 1477 772 1523 amorem
786 1464 822 1523 et
836 1455 1038 1524 senatoriam
1053 1457 1302 1526 necescitatenr.

355 1564 389 1632 5.
418 1559 605 1629 Continuus
620 1560 696 1626 inde
710 1569 745 1626 et
757 1581 878 1627 eaevue
892 1558 1087 1628 recreandi·
1102 1562 1170 1630 reio
1185 1559 1332 1628 Suilline

254 1668 418 1754 multique
445 1665 603 1730 audaciae
625 1664 698 1729 eius
726 1665 859 1734 aemuli.
909 1661 998 1731 Nom
1019 1666 1271 1752 cuncte-legum
1295 1671 1332 1732 et

253 1774 511 1858 magistratuum
539 1767 650 1834 munio
682 1767 716 1834 in
745 1789 783 1834 ee
811 1768 948 1834 trabene
974 1767 1130 1858 princepe
1154 1765 1328 1834 materiem

251 1871 438 1965 praedendi
464 1869 680 1960 patefecerat.
739 1868 812 1937 Nec
834 1871 1011 1959 quicquam
1033 1871 1187 1960 publiano
1209 1869 1330 1938 nereio

252 1989 322 2047 um
345 1977 461 2046 uenale
481 1975 547 2041 fuit
570 1995 668 2062 quarn
685 1971 919 2042 advocatorum
933 1975 1093 2065 perfidie,
1120 1971 1330 2042 odoontSe·

252 2083 357 2160 mica,
378 2077 520 2164 insignio
532 2097 635 2164 eqnec
648 2077 831 2161 Romanae,
851 2077 1105 2168 quadringentis
1120 2075 1329 2146 nummorum

251 2185 389 2256 milibne
409 2180 531 2250 Suillio
550 2180 639 2248 detis
657 2190 693 2248 et
710 2183 844 2268 cognita
865 2181 1151 2271 praevaricatione
1175 2183 1269 2250 terro
1294 2183 1329 2250 in

251 2289 350 2358 domo
372 2289 445 2354 ciue
466 2285 667 2356 incubuerit.
708 2283 819 2371 Igitur
843 2285 1020 2377 incipiente
1038 2283 1124 2354 Gaio
1145 2282 1229 2354 Silio
1249 2305 1329 2352 con·

251 2395 326 2462 ente
351 2391 545 2478 designato,
583 2389 677 2456 cuiue
700 2388 742 2454 de
760 2391 911 2479 potentia
936 2397 972 2456 ot
995 2389 1097 2456 exitio
1118 2390 1153 2456 in
1177 2396 1326 2476 ternpore

248 2497 459 2579 memorabo,
488 2499 694 2580 consurgunt
715 2501 848 2582 patrea,
876 2495 1050 2583 legemque
1064 2491 1212 2563 Cinciam
1231 2490 1328 2578 lingi-

249 2611 344 2686 tant,
370 2623 437 2690 que
457 2605 594 2666 cavetur
615 2597 822 2684 antiqnitne,
847 2621 889 2666 ne
910 2600 987 2688 quia
1007 2597 1051 2664 ob
1071 2617 1207 2665 caueam
1229 2617 1327 2662 oren-

249 2706 326 2774 donr
339 2705 512 2798 pecuniam
528 2699 690 2768 donumve
712 2701 865 2790 accipiat.
916 2705 951 2771 o.
979 2699 1112 2768 Deinde
1132 2699 1326 2790 obstrepen-

248 2811 341 2878 tibus
363 2810 434 2892 hie,
462 2807 584 2896 quibue
599 2828 637 2872 ea
652 2805 853 2871 contumelia
866 2802 1069 2896 parabatur,
1088 2801 1220 2870 dieeora
1235 2800 1327 2870 Suil-

247 2915 297 2982 lio
324 2912 432 2982 Siliue
461 2913 584 2980 acriter
609 2910 779 2989 incubuit,
807 2918 958 2978 veterum
982 2916 1155 2976 oratorum
1174 2907 1326 2997 uempiu

317 3117 348 3170 G.
363 3117 390 3170 4.
424 3117 547 3170 rentiam
559 3117 662 3170 Puteal
697 3121 735 3170 nt
751 3119 806 3170 lta.
821 3131 907 3172 accen
921 3117 1083 3172 carentiaco.
1117 3115 1258 3180 Suspicor:
1275 3114 1325 3166 to-

281 3189 497 3241 cementum.
530 3188 620 3240 Dono.

317 3257 349 3310 c.
362 3259 389 3311 5.
423 3261 452 3311 et
469 3255 561 3311 cottio
578 3257 639 3308 Pet.
674 3257 778 3310 Attia
795 3255 906 3325 coitio,
921 3269 971 3322 per
983 3258 1135 3322 asyndeton
1148 3253 1190 3306 eet
1201 3249 1323 3316 moon.

298 3463 437 3524 dictaret]
474 3461 600 3515 Breviter
627 3475 676 3526 pro
706 3462 764 3516 dici
804 3464 957 3530 piusquam
970 3455 1258 3515 morendooovlrtnto
1274 3467 1324 3508 ac-

245 3536 431 3600 prccdtcique
444 3531 583 3593 dictorem
599 3531 763 3586 decenn.
804 3535 985 3602 qnirobentnr.

245 3606 553 3667 neareonpagon.
586 3603 678 3656 Dono.
854 3601 1028 3662 memorabo]
1048 3591 1324 3654 loitcoit-otti·
1350 3608 1354 3631 ¹

306 3675 549 3738 interpretatura]
583 3672 762 3723 lincolinum
853 3671 993 3732 timiam]
1017 3673 1058 3723 ne
1072 3667 1150 3724 tonia
1164 3669 1192 3717 ct
1203 3661 1325 3716 nuncri-

244 3751 305 3806 eer,
331 3743 537 3805 ecir.1‘euue‚
560 3743 762 3793 noofloitlnnrr
804 3740 854 3792 bne
882 3743 967 3794 letan
990 3753 1016 3792 e.
1043 3737 1106 3792 540.
1131 3749 1151 3789 a
1171 3737 1207 3786 lt.
1228 3731 1323 3784 cincio

243 3821 297 3860 nou
319 3812 488 3864 eomuiuor
501 3810 618 3862 crimini
636 3812 760 3878 debunt,
791 3809 911 3870 *tribuno
928 3810 1016 3873 plebis
1039 3809 1114 3868 (clo.
1133 3808 1168 3858 do
1187 3801 1265 3854 Oret·
1284 3800 1323 3866 u,

241 3879 291 3928 aad
309 3879 574 3941 interpretatio
591 3879 698 3930 eornnii.
802 3879 847 3932 lt·
878 3878 942 3930 Liv.
955 3877 1059 3944 XLW,
1076 3875 1138 3944 4.),
1162 3875 1279 3926 rotatu
1293 3877 1323 3920 et

293 3946 324 3997 0.
338 3948 364 4000 5.
397 3948 524 4012 publicae
536 3949 653 4008 moia]
670 3951 759 4000 Acer-
801 3959 874 3999 novo
898 3948 948 4000 uc.
974 3950 1108 4001 firmum
1131 3944 1165 3996 cb
1187 3941 1322 4004 Ausum·

241 4011 274 4064 be
294 4016 327 4066 do
347 4018 501 4070 muneribus
520 4018 758 4082 pobtioledioturn,
799 4015 851 4068 nto
877 4018 952 4084 niv,
981 4019 1025 4071 ¹8·
1065 4019 1137 4068 Ann-
1162 4009 1252 4074 xm,
1276 4006 1323 4059 ⁴²·

239 4095 308 4146 quoe
320 4087 461 4138 mercando
476 4089 523 4140 vol
533 4087 757 4142 mulionem-
800 4085 889 4138 Bere.
