2868 4802
355 261 459 336 Llli.
480 257 578 332 XlV.
621 255 742 329 cAP.
761 259 918 328 37-40.
1109 260 1174 330 457

104 477 171 527 nan
201 447 300 522 motio
329 447 420 517 inter
445 449 593 535 legatum
621 452 937 537 procuratoremque
963 441 1222 523 ounoordiamar.

105 557 218 648 gigni,
248 552 308 624 oeli
329 559 366 620 et
386 551 530 620 rebelles
542 551 759 620 harbarorum
776 550 903 616 animoa
917 571 999 639 pare
1011 555 1174 642 eompuni‘.

104 662 179 731 Neo
202 657 310 726 doluit
330 652 522 743 Polyelitoa
534 675 600 742 quo
616 653 743 736 minue,
768 653 895 739 ingenti
909 652 1038 739 agmine
1052 653 1174 726 Italiae

108 761 304 849 Galliaeque
316 757 446 845 gravia,
467 765 643 848 portquam
660 757 829 823 0oeeuum
843 759 1094 841 transmiserat3
1114 761 1178 828 mi-

107 865 226 934 litibus
242 881 374 951 quoque
388 863 516 928 nurtrie
530 861 694 928 terribilia
711 857 892 928 inondum.
936 857 1004 927 Sed
1023 861 1177 931 hostiliae

107 965 226 1036 irrisui
238 964 324 1045 luit,
344 961 433 1051 apud
450 983 533 1052 quoe
546 955 707 1050 flagrante
722 965 822 1028 oliam
837 969 908 1028 tum
921 961 1079 1031 libertate
1094 987 1178 1034 non·

109 1069 188 1138 dum
206 1067 340 1154 cognita
359 1065 591 1134 libertinorum
614 1065 765 1154 putentia
783 1070 874 1145 erat,
903 1065 1177 1158 mirabanturque
1282 1135 1286 1148 ,

110 1169 201 1262 qnod
214 1168 281 1237 (lux
295 1173 331 1234 ot
345 1169 512 1236 ereroitne
524 1168 612 1237 tenti
622 1167 704 1234 belli
721 1168 887 1234 aunleotur
902 1171 1050 1238 seruitiis
1064 1170 1179 1239 ebodi-

110 1282 199 1344 rent.
250 1269 378 1342 cunata
399 1279 511 1346 torreo
532 1269 575 1338 ad
595 1269 827 1358 imperatorem
845 1269 881 1336 in
901 1271 1036 1340 mollius
1051 1277 1177 1359 relata3

112 1377 335 1461 detentusque
349 1373 450 1442 retur
462 1370 620 1460 gerundia
634 1371 835 1448 Suetonius,
854 1373 943 1460 quod
962 1383 1039 1464 port
1053 1399 1179 1466 pauruo

113 1501 213 1547 nerea
225 1478 261 1544 in
274 1478 374 1544 litora
387 1475 627 1564 remigio-qne
640 1475 675 1540 in
687 1473 732 1541 iie
746 1475 919 1558 amiserat,
942 1482 1098 1566 tauquam
1115 1480 1178 1546 alu-

113 1588 210 1649 ranta
230 1580 338 1660 balle,
364 1577 499 1645 trudone
512 1576 694 1644 exereitum
708 1575 867 1644 Petronio
881 1577 1098 1668 Turpiliano,
1120 1585 1179 1671 qui
1253 1649 1256 1660 ,

114 1683 181 1752 iam
196 1683 371 1749 aonrulatu
388 1681 528 1762 abierat,
540 1679 688 1749 iubetur.
729 1678 765 1747 le
779 1701 844 1747 uon
858 1681 991 1749 inritato
1005 1683 1110 1766 loeta,
1123 1707 1181 1752 nr-

112 1806 180 1875 que
191 1784 381 1864 laueueitue,
395 1785 568 1851 hunmtum
583 1783 676 1870 panio
691 1803 808 1850 numen
821 1783 914 1870 segni
927 1783 996 1851 otio
1009 1785 1181 1872 imposuit.

214 1892 272 1959 tu.
301 1885 427 1956 Eudora
451 1908 535 1955 anuo
554 1883 682 1954 Romae
700 1885 842 1971 insignia
862 1889 988 1953 oculere
997 1931 1010 1964 ,
1037 1889 1181 1956 alterum

116 1991 301 2072 uenatoria,
328 1989 443 2058 rorrili
463 1992 607 2058 altarum
629 1987 788 2069 andeolo,
815 1987 961 2057 admieea
977 1996 1067 2059 eunt.
1109 1991 1183 2060 Do-

118 2094 234 2164 mitiur
246 2091 375 2160 Bellone
389 2099 462 2159 erat
476 2093 684 2182 praetorius,
704 2093 807 2160 oimul
820 2093 920 2179 longa
932 2105 1066 2160 eeneuta
1080 2096 1184 2162 eimul

119 2196 264 2263 orbitate
276 2201 312 2260 et
327 2195 467 2286 peounia
479 2194 612 2262 inridiie
625 2194 796 2266 obnoxiae.
838 2193 881 2262 Ei
894 2195 1099 2285 propinquus
1112 2200 1185 2267 Va·

117 2301 223 2368 lariur
240 2297 429 2381 Fuluianae,
456 2297 670 2390 eaperaantlio
684 2295 863 2365 honoribus
878 2295 1084 2384 destinatae,
1105 2301 1185 2369 oub-

119 2400 208 2471 rliolit
234 2407 490 2484 tastamentum,
528 2401 646 2469 aeuitia
668 2399 802 2470 Vinicio
825 2397 946 2466 Rufino
970 2409 1005 2468 et
1025 2401 1186 2472 Terentio

118 2506 261 2574 Lentino
284 2503 453 2592 equitibus
476 2503 649 2572 Romania.
696 2502 756 2572 Illi
776 2502 962 2570 Antonium
984 2501 1134 2572 Primum
1151 2515 1187 2573 et

120 2609 277 2677 Asinium
290 2607 484 2676 Mareellum
499 2607 717 2674 eooiauerant.
742 2605 911 2673 Antonino
925 2603 1062 2672 audaoiu
1076 2629 1187 2696 proru-

121 2718 222 2801 ptus,
247 2709 427 2778 Marcellos
448 2709 573 2777 Aeiuio
594 2707 745 2776 Pollione
768 2727 892 2794 proavo
918 2709 1048 2791 clarus,
1080 2731 1186 2799 nequa

122 2811 483 2902 morum·eponnandue
508 2811 710 2893 hebebatur,
745 2809 814 2876 niei
840 2809 931 2897 quod
955 2821 1186 2902 paupertatem

122 2917 338 3008 praecipuum
360 2916 521 2982 malorum
544 2913 711 2985 credebat.
754 2913 864 3000 igitur
876 2914 1043 2982 Fabianae
1055 2915 1187 2984 tubulos

124 3019 182 3103 iis.
197 3039 283 3108 quor
311 3016 490 3088 memoravi
516 3023 552 3084 et
579 3018 656 3087 aliia
680 3017 789 3086 minuo
809 3017 1001 3088 illustribuo
1023 3019 1190 3108 obsignat.

175 3239 206 3296 0.
220 3243 264 3293 39.
297 3240 329 3292 lu
347 3238 473 3298 mouture]
502 3240 638 3302 nunquam
679 3252 740 3292 enm
759 3241 840 3292 rabor
858 3241 1001 3305 gerendis,
1024 3239 1191 3303 donaopoet,

126 3321 179 3362 non
198 3317 254 3363 tam
274 3311 354 3362 atrox
375 3310 473 3360 suisset
494 3309 590 3360 lullum
610 3311 640 3358 et
679 3310 791 3362 nuvium
810 3311 911 3373 aliquot
923 3307 1084 3373 auleatum,
1109 3321 1191 3360 ocea-

125 3380 215 3432 mluur
227 3376 445 3440 nominetenus,
461 3373 553 3439 itaqua
568 3377 640 3426 lueto
680 3377 781 3429 aionem
790 3379 863 3430 nactl
874 3389 937 3430 runt
949 3381 1029 3442 plane
1041 3375 1190 3428 amovendi.

126 3443 640 3498 crudeliorotnltraveritatamiuotona
681 3447 830 3508 Promptlur
846 3447 873 3497 in
887 3447 1034 3498 nunninus
1052 3445 1086 3494 uu
1098 3445 1193 3494 doten-

126 3513 271 3566 Surtonlur
284 3515 371 3566 vietor
384 3514 476 3566 merto
508 3513 601 3566 Douu.
682 3513 795 3566 olendum
803 3514 941 3566 Paulinum
949 3515 1193 3576 nocirueestquom

182 3610 382 3678 detentusque]
399 3613 467 3667 rae.
482 3611 642 3680 pronum,
682 3581 930 3648 ounrupnagr.
944 3586 985 3634 aa
1018 3581 1109 3633 uon.
1179 3628 1182 3637 ,

129 3680 161 3731 ¹¹²
179 3679 267 3730 mm·
280 3681 361 3730 ΡΜ·
377 3681 405 3746 Ῑι
422 3685 456 3748 ²2
475 3683 534 3732 ¹9⁰·
559 3683 642 3734 Deli·
734 3679 765 3732 0·
778 3679 821 3734 ⁴0·
854 3679 1194 3746 comparataque

15 3771 17 3780 =
129 3749 182 3801 art
198 3757 251 3798 aaa
267 3749 417 3801 deaootro
430 3751 551 3815 nepotto.
584 3752 642 3802 Ber
684 3753 870 3813 repetendum
891 3755 938 3801 unt
951 3761 999 3815 pro
1012 3761 1076 3802 eam
1089 3749 1142 3814 tto,
1163 3753 1194 3800 ut

131 3818 173 3868 elo
202 3815 296 3865 nabeo:
329 3829 456 3868 umorem
480 3831 568 3868 rarum
593 3831 642 3869 ou·
684 3819 744 3884 vl,
770 3821 813 3872 37.
846 3819 943 3870 martur
965 3819 1075 3870 militm
1098 3819 1196 3878 aaran

131 3897 165 3938 ra
182 3881 322 3935 Paulinum
341 3883 482 3947 cupiebant
499 3887 644 3937 uonoordoe
685 3899 745 3938 oum
764 3888 921 3950 praesertim
937 3889 975 3939 illl
995 3889 1131 3939 allaturae
1145 3899 1195 3950 po-

132 3951 319 4004 Clareluiuuur
339 3956 366 4002 et
392 3953 559 4016 Polyclitur3
595 3957 643 4006 eorl
685 3955 739 4005 tina
754 3969 831 4020 qaam
845 3955 1066 4008 comiteneraont.
1101 3955 1196 4007 Kloun-

132 4024 290 4086 pruatoxtua
306 4019 403 4087 aliquia
419 4029 480 4071 erat
498 4025 643 4082 expectau-
686 4024 787 4088 llngiuo
810 4025 920 4081 colmar
942 4027 1042 4081 ascilla
1072 4025 1196 4079 coniecit.

133 4093 192 4144 our.
222 4091 338 4158 ‘ltaque
363 4085 468 4146 lutuilru
492 4089 644 4146 oetimnna
685 4095 774 4150 Dono.
