2862 4810
407 281 508 354 nru.
530 277 595 354 vr.
638 269 760 352 our.
781 283 936 354 re-rs.
1147 283 1215 353 eor
1252 249 1256 254 ’

143 471 298 560 diditqne
320 469 444 558 quibus
465 493 485 537 o
506 470 702 560 provinoiie,
735 476 771 536 et
790 477 914 558 quanto
934 468 1090 538 maiorem
1114 487 1266 561 memet.

146 579 325 663 Augustus
339 577 389 641 rei
404 575 645 642 frumentariae
655 575 784 664 euplum
801 574 1001 641 adverteret
1043 573 1099 642 Ita
1113 575 1217 642 enati·

146 679 275 766 gaudae
295 676 389 768 plebi
407 681 626 768 oomporitum
648 687 784 744 senatus
799 680 985 745 eoneultum
998 679 1109 766 prisea
1123 696 1217 744 sere·

147 783 264 862 ritate,
283 801 391 869 neque
407 783 544 866 seguine
558 784 712 848 eonsules
728 782 874 851 edixere.
916 781 1095 850 Silentium
1109 779 1216 868 ipsius

144 905 210 952 nou
232 887 350 966 uirile,
370 893 410 951 ut
423 884 628 966 crediderat,
649 883 709 952 sed
722 887 756 952 iu
771 885 962 974 superbiam
978 879 1216 972 aoeipiebatur.

247 991 301 1056 14.
325 988 408 1056 Fine
430 989 506 1055 anni
530 988 722 1068 Geminius,
744 988 882 1071 Celsus,
906 987 1102 1076 Pompeius,
1124 985 1218 1073 equi·

146 1097 198 1156 tes
214 1089 375 1172 Romani,
398 1093 547 1159 renidere
560 1094 798 1160 oouiuretionis
814 1093 970 1174 erimine3
1003 1113 1042 1157 ex
1059 1091 1136 1179 quis
1151 1089 1218 1156 fle·

147 1195 270 1262 minius
284 1197 493 1286 prodigentia
509 1219 606 1285 opum
624 1217 663 1262 ae
680 1197 821 1264 mollitio
837 1197 926 1264 ritae
943 1191 1069 1262 eminus
1085 1194 1219 1276 Seiano,

146 1299 232 1366 ninii
246 1299 438 1369 odoarium.
482 1299 646 1367 Etlulius
664 1299 785 1368 Celsus
801 1301 957 1366 tribunus
978 1300 1012 1365 in
1033 1299 1150 1365 riualis
1169 1297 1220 1364 la·

147 1411 258 1468 natum
296 1413 446 1470 eatenam
476 1413 512 1470 et
539 1403 777 1470 eirenmdetem
806 1407 839 1470 in
870 1403 1038 1470 divorsum
1067 1401 1219 1482 tendens,

146 1526 243 1573 enam
264 1509 338 1596 ipre
360 1508 519 1574 oerrieem
542 1508 717 1596 perfregit.
761 1507 958 1576 Aruerno
977 1505 1123 1584 Fabato,
1144 1514 1219 1572 teu·

147 1629 247 1697 quam
277 1610 465 1697 desperatis
491 1612 593 1678 rebus
617 1610 778 1678 Romanis
800 1609 1000 1678 Parthorum
1023 1611 1066 1679 nd
1088 1609 1219 1678 miseri-

150 1711 297 1778 eordienr
310 1715 463 1800 lugeret,
483 1713 639 1783 enetodes
655 1715 774 1785 additi.
817 1713 947 1782 Soneio
962 1723 1116 1805 repertus
1130 1713 1220 1804 epod

150 1815 272 1882 ireturn
286 1815 424 1886 Sieiliae
437 1827 670 1906 retractusque
684 1839 745 1910 per
759 1820 996 1902 uenturionem,
1019 1823 1128 1887 nullos
1141 1839 1221 1910 pro-

149 1919 279 1988 babiles
294 1943 413 1988 neusse
425 1925 623 2011 longinquae
637 1916 914 2010 peiegrinatiouir
929 1923 1100 1995 afferebat.
1131 1943 1222 1990 mnn-

150 2025 200 2092 oit
214 2033 325 2092 tamen
341 2027 536 2106 incolumis,
557 2026 723 2104 obliuione
737 2027 842 2113 magis
856 2049 954 2117 quam
974 2029 1160 2096 elementia.

252 2132 305 2201 15.
328 2129 446 2198 Servio
462 2129 589 2206 Galba,
608 2127 715 2195 Lueio
730 2127 825 2197 Sulla
843 2131 1036 2198 oonsulibus
1050 2131 1107 2197 diu
1121 2141 1386 2217 quae-(nureo.)

153 2231 221 2300 site
239 2253 321 2321 quos
342 2235 499 2322 neptibus
519 2234 591 2301 eois
609 2233 749 2300 maritos
763 2231 948 2302 destinaret
962 2235 1105 2316 Caesar,
1127 2239 1222 2323 port·
1253 2227 1368 2282 *ii-³3·

152 2357 252 2424 quem
270 2337 420 2404 instabat
437 2336 600 2422 virginum
623 2341 734 2418 aotas‘,
763 2337 903 2404 Lueium
926 2337 1100 2420 Cassium,
1131 2337 1223 2406 Mor-

150 2463 226 2506 eurn
239 2439 409 2507 Vinieiuru
423 2442 520 2527 legit.
562 2439 697 2508 Viuioio
711 2441 912 2530 oppidanum
931 2462 1054 2526 genus:
1083 2441 1224 2510 Calibus

151 2553 266 2626 ortus,
296 2549 394 2634 patre
414 2553 515 2634 atque
531 2563 592 2610 aro
607 2543 858 2626 oonsulurilrua,
881 2552 992 2610 eatena
1010 2543 1161 2630 equestri
1175 2543 1225 2608 ia-

152 2649 247 2715 rnilio
267 2655 358 2731 erar,
384 2649 478 2716 mitis
494 2647 625 2734 ingenio
643 2653 677 2714 et
692 2653 844 2738 eomptee
857 2646 1041 2715 ineundiae.
1084 2648 1225 2718 Cassius

152 2751 278 2843 plebeii
299 2749 423 2818 Romae
445 2752 593 2838 generis,
621 2771 735 2818 verum
759 2751 887 2838 antiqui
915 2752 1156 2842 honoratique,
1191 2755 1227 2818 et

155 2877 271 2924 rovere
292 2856 400 2944 petrin
420 2853 598 2945 disciplina
617 2853 759 2923 eduntur
779 2856 943 2923 iorilitata
965 2857 1101 2944 saepius
1127 2877 1227 2945 quon

156 2961 324 3028 industria
338 2958 641 3027 commendabatur.
684 2957 774 3024 Huio
793 2957 999 3052 Drusillam,
1023 2955 1158 3028 Vinicio
1171 2960 1229 3030 lu·

155 3069 237 3133 liam
258 3063 454 3132 Germanieo
478 3063 608 3147 genitae
627 3063 826 3150 oouiungit3¹
847 3087 1014 3156 superque
1028 3087 1067 3130 eu
1080 3087 1118 3132 re
1133 3087 1230 3133 sena·

156 3171 207 3238 tui
233 3167 389 3256 seripsit,
422 3167 487 3236 levi
510 3191 583 3236 curn
607 3167 732 3248 honore
754 3167 920 3240 iuvenum.
970 3169 1062 3238 Dein
1084 3167 1230 3240 redditis

157 3273 329 3342 absentiae
354 3271 469 3338 'oensis
496 3271 673 3342 admodum
694 3273 809 3361 vagis,
844 3275 939 3342 flexit
959 3273 1001 3341 ad
1023 3273 1177 3362 graviora
1194 3278 1232 3339 et

225 3463 312 3518 (ill.
346 3465 422 3521 Saue
439 3465 465 3518 is
482 3467 630 3522 lleroerus.
667 3481 761 3522 ¹«sarm
778 3467 834 3520 MS.

213 3649 306 3702 cdo.
340 3649 466 3716 conium]
498 3655 593 3708 Aurei.
606 3653 680 3708 vlet.
770 3649 801 3702 c.
825 3651 868 3703 15.
905 3653 1049 3717 sumptae]
1078 3653 1132 3706 ¹³⁰1·
1150 3659 1237 3707 ortem

161 3718 236 3783 Epir.
256 3721 280 3768 t.
310 3716 400 3772 liuius
418 3725 547 3788 tempore
567 3737 606 3778 eur
625 3725 682 3776 Ae·
724 3731 757 3773 ec
771 3721 876 3851 etudlni
893 3731 985 3785 oppon.
999 3719 1146 3808 nativus..

163 3789 683 3929 audimurmumuz
724 3789 861 3910 ..lu
888 3791 1061 3914 mm
1078 3803 1241 3916 aum

163 3925 347 4006 ferebantur.
725 3941 836 3980 oensem
863 3931 1008 4000 reddebat,
1042 3933 1091 3983 sed
1113 3947 1182 3998 quee
1206 3933 1242 3986 od

216 3995 247 4046 o.
273 3993 316 4046 rt.
364 3995 589 4060 cordurutiuntr]
625 4001 684 4054 Nou
726 4009 804 4050 omne
824 4007 967 4052 causarum
985 4013 1070 4066 genus
1088 4003 1160 4056 trenl
1178 4015 1243 4067 pes-

162 4075 254 4122 novee
269 4065 317 4116 red
330 4067 503 4118 terrulente.
729 4075 790 4118 sent
802 4065 1043 4134 interpr-etonem
1060 4085 1155 4140 genu
1171 4072 1245 4127 oll-

216 4135 395 4198 adsumo]
417 4137 484 4190 nell.
498 4133 611 4189 amum.
729 4134 893 4204 genuine
910 4139 1059 4195 arunde.
