<?xml version="1.0" encoding="UTF-8"?>
<!DOCTYPE html PUBLIC "-//W3C//DTD XHTML 1.0 Transitional//EN"
    "http://www.w3.org/TR/xhtml1/DTD/xhtml1-transitional.dtd">
<html xmlns="http://www.w3.org/1999/xhtml" xml:lang="en" lang="en">
 <head>
  <title>
</title>
<meta http-equiv="Content-Type" content="text/html;charset=utf-8" />
  <meta name='ocr-system' content='tesseract 3.04.00' />
  <meta name='ocr-capabilities' content='ocr_page ocr_carea ocr_par ocr_line ocrx_word'/>
</head>
<body>
  <div class='ocr_page' id='page_1' title='image "./ccorneliitaciti22tacigoog_0437.png"; bbox 0 0 2868 4802; ppageno 0'>
   <div class='ocr_carea' id='block_1_1' title="bbox 378 265 1198 350">
    <p class='ocr_par' dir='ltr' id='par_1_1' title="bbox 378 265 1198 350">
     <span class='ocr_line' id='line_1_1' title="bbox 378 265 1198 350; baseline 0.004 -5"><span class='ocrx_word' id='word_1_1' title='bbox 378 273 481 346; x_wconf 76' lang='grc' dir='ltr'>ΗΒ.</span> <span class='ocrx_word' id='word_1_2' title='bbox 502 265 606 348; x_wconf 81' lang='lat' dir='ltr'>Xlll.</span> <span class='ocrx_word' id='word_1_3' title='bbox 646 273 767 348; x_wconf 72' lang='lat' dir='ltr'>GAP.</span> <span class='ocrx_word' id='word_1_4' title='bbox 789 277 946 350; x_wconf 73' lang='lat' dir='ltr'>td-ld.</span> <span class='ocrx_word' id='word_1_5' title='bbox 1129 277 1198 348; x_wconf 71' lang='lat' dir='ltr'>tlt</span> 
     </span>
    </p>
   </div>
   <div class='ocr_carea' id='block_1_2' title="bbox 43 448 1340 2944">
    <p class='ocr_par' dir='ltr' id='par_1_2' title="bbox 127 448 1247 661">
     <span class='ocr_line' id='line_1_2' title="bbox 127 448 1247 557; baseline 0.004 -21"><span class='ocrx_word' id='word_1_6' title='bbox 127 485 235 557; x_wconf 58' lang='lat' dir='ltr'>newa</span> <span class='ocrx_word' id='word_1_7' title='bbox 257 463 301 534; x_wconf 90' lang='lat' dir='ltr'>ed</span> <span class='ocrx_word' id='word_1_8' title='bbox 321 465 433 534; x_wconf 86' lang='lat' dir='ltr'>civilia</span> <span class='ocrx_word' id='word_1_9' title='bbox 451 487 544 534; x_wconf 87' lang='lat' dir='ltr'>arma</span> <span class='ocrx_word' id='word_1_10' title='bbox 565 482 630 534; x_wconf 90' lang='lat' dir='ltr'>nou</span> <span class='ocrx_word' id='word_1_11' title='bbox 648 485 689 532; x_wconf 85' lang='lat' dir='ltr'>ex</span> <span class='ocrx_word' id='word_1_12' title='bbox 704 462 818 554; x_wconf 90' lang='lat' dir='ltr'>priore</span> <span class='ocrx_word' id='word_1_13' title='bbox 836 463 972 532; x_wconf 87' lang='lat' dir='ltr'>iniomia</span> <span class='ocrx_word' id='word_1_14' title='bbox 993 448 1052 534; x_wconf 83' lang='lat' dir='ltr'>ced</span> <span class='ocrx_word' id='word_1_15' title='bbox 1067 465 1247 555; x_wconf 65' lang='lat' dir='ltr'>integret&amp;</span> 
     </span>
     <span class='ocr_line' id='line_1_3' title="bbox 128 567 1135 661; baseline 0.001 -23"><span class='ocrx_word' id='word_1_16' title='bbox 128 578 307 659; x_wconf 87' lang='lat' dir='ltr'>eancteqne</span> <span class='ocrx_word' id='word_1_17' title='bbox 319 571 408 656; x_wconf 90' lang='lat' dir='ltr'>egit,</span> <span class='ocrx_word' id='word_1_18' title='bbox 427 591 550 661; x_wconf 88' lang='lat' dir='ltr'>procax</span> <span class='ocrx_word' id='word_1_19' title='bbox 567 569 628 636; x_wconf 91' lang='lat' dir='ltr'>otii</span> <span class='ocrx_word' id='word_1_20' title='bbox 645 576 681 635; x_wconf 90' lang='lat' dir='ltr'>et</span> <span class='ocrx_word' id='word_1_21' title='bbox 694 567 872 657; x_wconf 79' lang='lat' dir='ltr'>potestatis</span> <span class='ocrx_word' id='word_1_22' title='bbox 885 569 1135 656; x_wconf 70' lang='lat' dir='ltr'><strong>temperantior.</strong></span> 
     </span>
    </p>

    <p class='ocr_par' dir='ltr' id='par_1_3' title="bbox 127 671 1199 1176">
     <span class='ocr_line' id='line_1_4' title="bbox 229 671 1199 760; baseline -0.002 -18"><span class='ocrx_word' id='word_1_23' title='bbox 229 677 285 742; x_wconf 82' lang='grc'>47.</span> <span class='ocrx_word' id='word_1_24' title='bbox 314 673 488 742; x_wconf 74' lang='lat' dir='ltr'>Hactenus</span> <span class='ocrx_word' id='word_1_25' title='bbox 505 673 599 742; x_wconf 85' lang='lat' dir='ltr'>Nero</span> <span class='ocrx_word' id='word_1_26' title='bbox 619 672 756 760; x_wconf 88' lang='lat' dir='ltr'>flagitiie</span> <span class='ocrx_word' id='word_1_27' title='bbox 771 678 806 738; x_wconf 87' lang='lat' dir='ltr'>et</span> <span class='ocrx_word' id='word_1_28' title='bbox 817 671 1000 738; x_wconf 73' lang='lat' dir='ltr'>sceleribus</span> <span class='ocrx_word' id='word_1_29' title='bbox 1014 673 1199 740; x_wconf 81' lang='lat' dir='ltr'>velamenta</span> 
     </span>
     <span class='ocr_line' id='line_1_5' title="bbox 129 773 1198 866; baseline -0.002 -23"><span class='ocrx_word' id='word_1_30' title='bbox 129 777 305 866; x_wconf 64' lang='lat' dir='ltr'>quaedvit.</span> <span class='ocrx_word' id='word_1_31' title='bbox 335 777 560 866; x_wconf 72' lang='lat' dir='ltr'><strong>suspectabat</strong></span> <span class='ocrx_word' id='word_1_32' title='bbox 572 775 714 844; x_wconf 77' lang='lat' dir='ltr'>maxime</span> <span class='ocrx_word' id='word_1_33' title='bbox 724 773 913 844; x_wconf 80' lang='lat' dir='ltr'>Cornelium</span> <span class='ocrx_word' id='word_1_34' title='bbox 927 773 1068 857; x_wconf 83' lang='lat' dir='ltr'>Sullam,</span> <span class='ocrx_word' id='word_1_35' title='bbox 1081 791 1198 842; x_wconf 81' lang='lat' dir='ltr'>encore</span> 
     </span>
     <span class='ocr_line' id='line_1_6' title="bbox 127 877 1197 968; baseline -0.003 -22"><span class='ocrx_word' id='word_1_36' title='bbox 127 881 292 967; x_wconf 75' lang='lat' dir='ltr'>ingenium</span> <span class='ocrx_word' id='word_1_37' title='bbox 303 881 375 949; x_wconf 86' lang='lat' dir='ltr'>ciue</span> <span class='ocrx_word' id='word_1_38' title='bbox 384 883 418 948; x_wconf 91' lang='lat' dir='ltr'>in</span> <span class='ocrx_word' id='word_1_39' title='bbox 432 883 633 948; x_wconf 89' lang='lat' dir='ltr'>contrarium</span> <span class='ocrx_word' id='word_1_40' title='bbox 647 879 795 962; x_wconf 88' lang='lat' dir='ltr'>trabene,</span> <span class='ocrx_word' id='word_1_41' title='bbox 809 879 1033 968; x_wconf 89' lang='lat' dir='ltr'>callidumque</span> <span class='ocrx_word' id='word_1_42' title='bbox 1046 885 1081 945; x_wconf 92' lang='lat' dir='ltr'>et</span> <span class='ocrx_word' id='word_1_43' title='bbox 1093 877 1197 944; x_wconf 68' lang='lat' dir='ltr'>eitum</span> 
     </span>
     <span class='ocr_line' id='line_1_7' title="bbox 127 981 1197 1075; baseline -0.003 -24"><span class='ocrx_word' id='word_1_44' title='bbox 127 987 269 1051; x_wconf 88' lang='lat' dir='ltr'>latorem</span> <span class='ocrx_word' id='word_1_45' title='bbox 286 984 549 1075; x_wconf 86' lang='lat' dir='ltr'>interpretando.</span> <span class='ocrx_word' id='word_1_46' title='bbox 584 983 693 1071; x_wconf 76' lang='lat' dir='ltr'>Quem</span> <span class='ocrx_word' id='word_1_47' title='bbox 708 991 830 1050; x_wconf 92' lang='lat' dir='ltr'>metum</span> <span class='ocrx_word' id='word_1_48' title='bbox 845 983 994 1075; x_wconf 75' lang='lat' dir='ltr'><strong>Graptus</strong></span> <span class='ocrx_word' id='word_1_49' title='bbox 1008 1005 1048 1050; x_wconf 83' lang='lat' dir='ltr'>ex</span> <span class='ocrx_word' id='word_1_50' title='bbox 1062 981 1197 1075; x_wconf 79' lang='lat' dir='ltr'>libertie</span> 
     </span>
     <span class='ocr_line' id='line_1_8' title="bbox 128 1083 1198 1176; baseline -0.007 -19"><span class='ocrx_word' id='word_1_51' title='bbox 128 1087 305 1172; x_wconf 75' lang='lat' dir='ltr'>Caesarie,</span> <span class='ocrx_word' id='word_1_52' title='bbox 328 1107 393 1155; x_wconf 86' lang='lat' dir='ltr'>neu</span> <span class='ocrx_word' id='word_1_53' title='bbox 414 1096 448 1154; x_wconf 90' lang='lat' dir='ltr'>ct</span> <span class='ocrx_word' id='word_1_54' title='bbox 460 1093 592 1155; x_wconf 91' lang='lat' dir='ltr'>eenecta</span> <span class='ocrx_word' id='word_1_55' title='bbox 605 1087 746 1154; x_wconf 83' lang='lat' dir='ltr'>Tiberio</span> <span class='ocrx_word' id='word_1_56' title='bbox 762 1087 911 1176; x_wconf 83' lang='lat' dir='ltr'>eburque</span> <span class='ocrx_word' id='word_1_57' title='bbox 925 1087 1056 1154; x_wconf 89' lang='lat' dir='ltr'>domum</span> <span class='ocrx_word' id='word_1_58' title='bbox 1072 1083 1198 1176; x_wconf 86' lang='lat' dir='ltr'>priuci-</span> 
     </span>
    </p>

    <p class='ocr_par' dir='ltr' id='par_1_4' title="bbox 43 1187 1197 1387">
     <span class='ocr_line' id='line_1_9' title="bbox 43 1187 1196 1290; baseline -0.006 -30"><span class='ocrx_word' id='word_1_59' title='bbox 43 1271 60 1290; x_wconf 31' lang='grc' dir='ltr'>ἱ</span> <span class='ocrx_word' id='word_1_60' title='bbox 128 1212 206 1282; x_wconf 88' lang='lat' dir='ltr'>pum</span> <span class='ocrx_word' id='word_1_61' title='bbox 226 1193 364 1260; x_wconf 78' lang='lat' dir='ltr'>edoctae</span> <span class='ocrx_word' id='word_1_62' title='bbox 375 1238 387 1270; x_wconf 89' lang='lat'>‚</span> <span class='ocrx_word' id='word_1_63' title='bbox 414 1193 477 1259; x_wconf 90' lang='lat' dir='ltr'>tali</span> <span class='ocrx_word' id='word_1_64' title='bbox 497 1191 666 1258; x_wconf 88' lang='lat' dir='ltr'>mendacio</span> <span class='ocrx_word' id='word_1_65' title='bbox 688 1193 842 1261; x_wconf 79' lang='lat' dir='ltr'>intendit.</span> <span class='ocrx_word' id='word_1_66' title='bbox 884 1191 975 1262; x_wconf 84' lang='lat' dir='ltr'>Pone</span> <span class='ocrx_word' id='word_1_67' title='bbox 993 1187 1141 1258; x_wconf 73' lang='lat' dir='ltr'>Mutuus</span> <span class='ocrx_word' id='word_1_68' title='bbox 1160 1187 1196 1254; x_wconf 86' lang='lat' dir='ltr'>in</span> 
     </span>
     <span class='ocr_line' id='line_1_10' title="bbox 130 1289 1197 1387; baseline -0.007 -25"><span class='ocrx_word' id='word_1_69' title='bbox 130 1319 168 1364; x_wconf 85' lang='lat' dir='ltr'>eo</span> <span class='ocrx_word' id='word_1_70' title='bbox 182 1307 330 1387; x_wconf 88' lang='lat' dir='ltr'>ternpore</span> <span class='ocrx_word' id='word_1_71' title='bbox 347 1297 489 1364; x_wconf 81' lang='lat' dir='ltr'>celebria</span> <span class='ocrx_word' id='word_1_72' title='bbox 505 1296 676 1362; x_wconf 73' lang='lat' dir='ltr'><strong>nocturnis</strong></span> <span class='ocrx_word' id='word_1_73' title='bbox 692 1295 861 1364; x_wconf 76' lang='lat' dir='ltr'>illecebris</span> <span class='ocrx_word' id='word_1_74' title='bbox 878 1305 968 1380; x_wconf 86' lang='lat' dir='ltr'>erat,</span> <span class='ocrx_word' id='word_1_75' title='bbox 994 1289 1197 1363; x_wconf 82' lang='lat' dir='ltr'>ventitabat·</span> 
     </span>
    </p>

    <p class='ocr_par' dir='ltr' id='par_1_5' title="bbox 62 1391 1340 2506">
     <span class='ocr_line' id='line_1_11' title="bbox 62 1391 1198 1490; baseline -0.004 -23"><span class='ocrx_word' id='word_1_76' title='bbox 62 1424 66 1434; x_wconf 89' lang='lat'><strong>·</strong></span> <span class='ocrx_word' id='word_1_77' title='bbox 131 1423 195 1490; x_wconf 85' lang='lat' dir='ltr'>que</span> <span class='ocrx_word' id='word_1_78' title='bbox 209 1401 289 1467; x_wconf 88' lang='lat' dir='ltr'>illuc</span> <span class='ocrx_word' id='word_1_79' title='bbox 304 1399 411 1480; x_wconf 81' lang='lat' dir='ltr'>Nero,</span> <span class='ocrx_word' id='word_1_80' title='bbox 431 1421 497 1490; x_wconf 89' lang='lat' dir='ltr'>quo</span> <span class='ocrx_word' id='word_1_81' title='bbox 512 1399 656 1466; x_wconf 83' lang='lat' dir='ltr'>solutius</span> <span class='ocrx_word' id='word_1_82' title='bbox 673 1400 787 1467; x_wconf 90' lang='lat' dir='ltr'>urbem</span> <span class='ocrx_word' id='word_1_83' title='bbox 802 1409 895 1468; x_wconf 86' lang='lat' dir='ltr'>entra</span> <span class='ocrx_word' id='word_1_84' title='bbox 909 1399 1091 1468; x_wconf 82' lang='lat' dir='ltr'>lasciviret.</span> <span class='ocrx_word' id='word_1_85' title='bbox 1127 1391 1198 1481; x_wconf 82' lang='lat' dir='ltr'>lgi-</span> 
     </span>
     <span class='ocr_line' id='line_1_12' title="bbox 131 1498 1198 1594; baseline -0.005 -26"><span class='ocrx_word' id='word_1_86' title='bbox 131 1509 188 1569; x_wconf 93' lang='lat' dir='ltr'>tur</span> <span class='ocrx_word' id='word_1_87' title='bbox 209 1505 409 1590; x_wconf 74' lang='lat' dir='ltr'>regredienti</span> <span class='ocrx_word' id='word_1_88' title='bbox 427 1527 490 1594; x_wconf 93' lang='lat' dir='ltr'>per</span> <span class='ocrx_word' id='word_1_89' title='bbox 510 1506 595 1571; x_wconf 87' lang='lat' dir='ltr'>uiam</span> <span class='ocrx_word' id='word_1_90' title='bbox 618 1501 813 1570; x_wconf 85' lang='lat' dir='ltr'>Flaminiam</span> <span class='ocrx_word' id='word_1_91' title='bbox 835 1505 1037 1594; x_wconf 69' lang='lat' dir='ltr'>componitur</span> <span class='ocrx_word' id='word_1_92' title='bbox 1056 1498 1198 1567; x_wconf 86' lang='lat' dir='ltr'>iueidiae</span> 
     </span>
     <span class='ocr_line' id='line_1_13' title="bbox 130 1602 1199 1697; baseline -0.002 -26"><span class='ocrx_word' id='word_1_93' title='bbox 130 1607 266 1694; x_wconf 85' lang='lat' dir='ltr'>satoque</span> <span class='ocrx_word' id='word_1_94' title='bbox 283 1609 443 1693; x_wconf 84' lang='lat' dir='ltr'>evitatae,</span> <span class='ocrx_word' id='word_1_95' title='bbox 466 1609 619 1697; x_wconf 87' lang='lat' dir='ltr'>quoniam</span> <span class='ocrx_word' id='word_1_96' title='bbox 636 1607 766 1676; x_wconf 77' lang='lat' dir='ltr'>diverso</span> <span class='ocrx_word' id='word_1_97' title='bbox 782 1610 901 1675; x_wconf 88' lang='lat' dir='ltr'>itinere</span> <span class='ocrx_word' id='word_1_98' title='bbox 918 1607 1143 1696; x_wconf 77' lang='lat' dir='ltr'>Sallustianos</span> <span class='ocrx_word' id='word_1_99' title='bbox 1162 1602 1199 1670; x_wconf 91' lang='lat' dir='ltr'>in</span> 
     </span>
     <span class='ocr_line' id='line_1_14' title="bbox 130 1707 1340 1798; baseline -0.001 -24"><span class='ocrx_word' id='word_1_100' title='bbox 130 1707 244 1778; x_wconf 84' lang='lat' dir='ltr'>hortor</span> <span class='ocrx_word' id='word_1_101' title='bbox 266 1711 482 1793; x_wconf 84' lang='lat' dir='ltr'>remeaverit,</span> <span class='ocrx_word' id='word_1_102' title='bbox 508 1718 741 1798; x_wconf 83' lang='lat' dir='ltr'>auctoremque</span> <span class='ocrx_word' id='word_1_103' title='bbox 756 1713 829 1794; x_wconf 75' lang='lat' dir='ltr'>einp</span> <span class='ocrx_word' id='word_1_104' title='bbox 847 1712 915 1778; x_wconf 92' lang='lat' dir='ltr'>doli</span> <span class='ocrx_word' id='word_1_105' title='bbox 936 1711 1065 1781; x_wconf 79' lang='lat' dir='ltr'>Sullam</span> <span class='ocrx_word' id='word_1_106' title='bbox 1088 1729 1199 1776; x_wconf 90' lang='lat' dir='ltr'>emen·</span> <span class='ocrx_word' id='word_1_107' title='bbox 1335 1789 1340 1798; x_wconf 32' lang='lat'>¹</span> 
     </span>
     <span class='ocr_line' id='line_1_15' title="bbox 130 1811 1196 1906; baseline -0.002 -27"><span class='ocrx_word' id='word_1_108' title='bbox 130 1813 233 1895; x_wconf 85' lang='lat' dir='ltr'>titur,</span> <span class='ocrx_word' id='word_1_109' title='bbox 253 1816 331 1903; x_wconf 87' lang='lat' dir='ltr'>quia</span> <span class='ocrx_word' id='word_1_110' title='bbox 350 1815 436 1882; x_wconf 85' lang='lat' dir='ltr'>forte</span> <span class='ocrx_word' id='word_1_111' title='bbox 458 1811 674 1880; x_wconf 83' lang='lat' dir='ltr'>redeuntibus</span> <span class='ocrx_word' id='word_1_112' title='bbox 697 1814 860 1882; x_wconf 85' lang='lat' dir='ltr'>miniotrin</span> <span class='ocrx_word' id='word_1_113' title='bbox 880 1816 1042 1906; x_wconf 89' lang='lat' dir='ltr'>principie</span> <span class='ocrx_word' id='word_1_114' title='bbox 1062 1811 1196 1903; x_wconf 86' lang='lat' dir='ltr'>quidem</span> 
     </span>
     <span class='ocr_line' id='line_1_16' title="bbox 129 1917 1198 2008; baseline 0.002 -27"><span class='ocrx_word' id='word_1_115' title='bbox 129 1937 191 2005; x_wconf 92' lang='lat' dir='ltr'>per</span> <span class='ocrx_word' id='word_1_116' title='bbox 211 1917 385 1984; x_wconf 85' lang='lat' dir='ltr'>iuvenilem</span> <span class='ocrx_word' id='word_1_117' title='bbox 406 1918 591 2000; x_wconf 87' lang='lat' dir='ltr'>licentiam,</span> <span class='ocrx_word' id='word_1_118' title='bbox 620 1941 705 2006; x_wconf 87' lang='lat' dir='ltr'>quac</span> <span class='ocrx_word' id='word_1_119' title='bbox 726 1927 805 1985; x_wconf 90' lang='lat' dir='ltr'>tunc</span> <span class='ocrx_word' id='word_1_120' title='bbox 823 1921 950 2008; x_wconf 85' lang='lat' dir='ltr'>paeeim</span> <span class='ocrx_word' id='word_1_121' title='bbox 970 1917 1198 2000; x_wconf 80' lang='lat' dir='ltr'>exercebatur,</span> 
     </span>
     <span class='ocr_line' id='line_1_17' title="bbox 128 2019 1199 2114; baseline 0 -28"><span class='ocrx_word' id='word_1_122' title='bbox 128 2021 258 2087; x_wconf 90' lang='lat' dir='ltr'>inanem</span> <span class='ocrx_word' id='word_1_123' title='bbox 281 2029 403 2086; x_wconf 89' lang='lat' dir='ltr'>metum</span> <span class='ocrx_word' id='word_1_124' title='bbox 423 2019 581 2092; x_wconf 78' lang='lat' dir='ltr'>fecerant.</span> <span class='ocrx_word' id='word_1_125' title='bbox 623 2021 743 2110; x_wconf 77' lang='lat' dir='ltr'>Neque</span> <span class='ocrx_word' id='word_1_126' title='bbox 761 2045 932 2092; x_wconf 84' lang='lat' dir='ltr'>cervorum</span> <span class='ocrx_word' id='word_1_127' title='bbox 951 2024 1128 2114; x_wconf 86' lang='lat' dir='ltr'>quiequam</span> <span class='ocrx_word' id='word_1_128' title='bbox 1140 2041 1199 2087; x_wconf 89' lang='lat' dir='ltr'>ne-</span> 
     </span>
     <span class='ocr_line' id='line_1_18' title="bbox 129 2122 1198 2217; baseline 0.002 -29"><span class='ocrx_word' id='word_1_129' title='bbox 129 2143 196 2210; x_wconf 81' lang='lat' dir='ltr'>que</span> <span class='ocrx_word' id='word_1_130' title='bbox 222 2122 393 2189; x_wconf 88' lang='lat' dir='ltr'>clientium</span> <span class='ocrx_word' id='word_1_131' title='bbox 419 2123 535 2192; x_wconf 86' lang='lat' dir='ltr'>Sullae</span> <span class='ocrx_word' id='word_1_132' title='bbox 565 2127 715 2212; x_wconf 78' lang='lat' dir='ltr'>agnitne3</span> <span class='ocrx_word' id='word_1_133' title='bbox 753 2129 957 2217; x_wconf 84' lang='lat' dir='ltr'>maximeque</span> <span class='ocrx_word' id='word_1_134' title='bbox 986 2125 1142 2214; x_wconf 82' lang='lat' dir='ltr'>despecta</span> <span class='ocrx_word' id='word_1_135' title='bbox 1162 2128 1198 2190; x_wconf 89' lang='lat' dir='ltr'>et</span> 
     </span>
     <span class='ocr_line' id='line_1_19' title="bbox 128 2225 1198 2318; baseline 0.002 -27"><span class='ocrx_word' id='word_1_136' title='bbox 128 2225 257 2293; x_wconf 87' lang='lat' dir='ltr'>nulline</span> <span class='ocrx_word' id='word_1_137' title='bbox 271 2227 344 2293; x_wconf 87' lang='lat' dir='ltr'>anei</span> <span class='ocrx_word' id='word_1_138' title='bbox 358 2249 459 2318; x_wconf 84' lang='lat' dir='ltr'>capax</span> <span class='ocrx_word' id='word_1_139' title='bbox 473 2236 592 2296; x_wconf 82' lang='lat' dir='ltr'>nebrra</span> <span class='ocrx_word' id='word_1_140' title='bbox 606 2229 678 2296; x_wconf 79' lang='lat' dir='ltr'>eiua</span> <span class='ocrx_word' id='word_1_141' title='bbox 697 2253 716 2298; x_wconf 88' lang='lat' dir='ltr'>a</span> <span class='ocrx_word' id='word_1_142' title='bbox 733 2231 870 2300; x_wconf 89' lang='lat' dir='ltr'>crimine</span> <span class='ocrx_word' id='word_1_143' title='bbox 883 2230 1099 2299; x_wconf 84' lang='lat' dir='ltr'>abhorrebat:</span> <span class='ocrx_word' id='word_1_144' title='bbox 1120 2247 1198 2314; x_wconf 91' lang='lat' dir='ltr'>per-</span> 
     </span>
     <span class='ocr_line' id='line_1_20' title="bbox 127 2329 1270 2425; baseline 0.003 -29"><span class='ocrx_word' id='word_1_145' title='bbox 127 2329 207 2397; x_wconf 90' lang='lat' dir='ltr'>inde</span> <span class='ocrx_word' id='word_1_146' title='bbox 226 2337 336 2397; x_wconf 87' lang='lat' dir='ltr'>tamcn</span> <span class='ocrx_word' id='word_1_147' title='bbox 356 2331 455 2420; x_wconf 85' lang='lat' dir='ltr'>qunei</span> <span class='ocrx_word' id='word_1_148' title='bbox 471 2333 642 2400; x_wconf 82' lang='lat' dir='ltr'>convictus</span> <span class='ocrx_word' id='word_1_149' title='bbox 667 2343 775 2417; x_wconf 81' lang='lat' dir='ltr'>esset,</span> <span class='ocrx_word' id='word_1_150' title='bbox 804 2335 921 2402; x_wconf 88' lang='lat' dir='ltr'>cedere</span> <span class='ocrx_word' id='word_1_151' title='bbox 935 2333 1045 2425; x_wconf 88' lang='lat' dir='ltr'>patria</span> <span class='ocrx_word' id='word_1_152' title='bbox 1058 2337 1094 2399; x_wconf 90' lang='lat' dir='ltr'>et</span> <span class='ocrx_word' id='word_1_153' title='bbox 1106 2331 1198 2399; x_wconf 85' lang='lat' dir='ltr'>blae-</span> <span class='ocrx_word' id='word_1_154' title='bbox 1266 2357 1270 2366; x_wconf 93' lang='lat'><em>·</em></span> 
     </span>
     <span class='ocr_line' id='line_1_21' title="bbox 126 2433 813 2506; baseline 0.006 -4"><span class='ocrx_word' id='word_1_155' title='bbox 126 2433 312 2504; x_wconf 80' lang='lat' dir='ltr'>eilieueinnr</span> <span class='ocrx_word' id='word_1_156' title='bbox 328 2435 497 2502; x_wconf 77' lang='lat' dir='ltr'>moenibus</span> <span class='ocrx_word' id='word_1_157' title='bbox 513 2439 657 2504; x_wconf 90' lang='lat' dir='ltr'>coerceri</span> <span class='ocrx_word' id='word_1_158' title='bbox 669 2437 813 2506; x_wconf 90' lang='lat' dir='ltr'>iubetur.</span> 
     </span>
    </p>

    <p class='ocr_par' dir='ltr' id='par_1_6' title="bbox 129 2535 1198 2944">
     <span class='ocr_line' id='line_1_22' title="bbox 229 2535 1198 2622; baseline -0.008 -12"><span class='ocrx_word' id='word_1_159' title='bbox 229 2541 283 2610; x_wconf 68' lang='lat' dir='ltr'>tu</span> <span class='ocrx_word' id='word_1_160' title='bbox 304 2537 416 2607; x_wconf 84' lang='lat' dir='ltr'>ladem</span> <span class='ocrx_word' id='word_1_161' title='bbox 430 2540 622 2610; x_wconf 88' lang='lat' dir='ltr'>conculibue</span> <span class='ocrx_word' id='word_1_162' title='bbox 636 2541 769 2608; x_wconf 86' lang='lat' dir='ltr'>auditae</span> <span class='ocrx_word' id='word_1_163' title='bbox 783 2537 1041 2608; x_wconf 81' lang='lat' dir='ltr'>Puteolanorum</span> <span class='ocrx_word' id='word_1_164' title='bbox 1055 2535 1198 2622; x_wconf 86' lang='lat' dir='ltr'>legatio-</span> 
     </span>
     <span class='ocr_line' id='line_1_23' title="bbox 129 2639 1196 2734; baseline -0.003 -26"><span class='ocrx_word' id='word_1_165' title='bbox 129 2663 209 2724; x_wconf 86' lang='lat' dir='ltr'>nee,</span> <span class='ocrx_word' id='word_1_166' title='bbox 237 2665 321 2731; x_wconf 87' lang='lat' dir='ltr'>quae</span> <span class='ocrx_word' id='word_1_167' title='bbox 340 2643 491 2712; x_wconf 80' lang='lat' dir='ltr'>diversae</span> <span class='ocrx_word' id='word_1_168' title='bbox 510 2644 592 2712; x_wconf 92' lang='lat' dir='ltr'>ordo</span> <span class='ocrx_word' id='word_1_169' title='bbox 612 2646 774 2734; x_wconf 79' lang='lat' dir='ltr'>plebeque</span> <span class='ocrx_word' id='word_1_170' title='bbox 793 2641 836 2710; x_wconf 89' lang='lat' dir='ltr'>ad</span> <span class='ocrx_word' id='word_1_171' title='bbox 855 2650 1006 2708; x_wconf 86' lang='lat' dir='ltr'>renatum</span> <span class='ocrx_word' id='word_1_172' title='bbox 1025 2639 1196 2720; x_wconf 81' lang='lat' dir='ltr'>micarent,</span> 
     </span>
     <span class='ocr_line' id='line_1_24' title="bbox 129 2743 1196 2836; baseline -0.004 -23"><span class='ocrx_word' id='word_1_173' title='bbox 129 2747 185 2813; x_wconf 89' lang='lat' dir='ltr'>illi</span> <span class='ocrx_word' id='word_1_174' title='bbox 199 2747 263 2814; x_wconf 86' lang='lat' dir='ltr'>vim</span> <span class='ocrx_word' id='word_1_175' title='bbox 278 2747 520 2831; x_wconf 85' lang='lat' dir='ltr'>multitudinie,</span> <span class='ocrx_word' id='word_1_176' title='bbox 540 2749 576 2818; x_wconf 91' lang='lat' dir='ltr'>bi</span> <span class='ocrx_word' id='word_1_177' title='bbox 591 2751 845 2836; x_wconf 79' lang='lat' dir='ltr'>magistratuum</span> <span class='ocrx_word' id='word_1_178' title='bbox 866 2753 900 2812; x_wconf 90' lang='lat' dir='ltr'>et</span> <span class='ocrx_word' id='word_1_179' title='bbox 915 2744 1015 2836; x_wconf 91' lang='lat' dir='ltr'>primi</span> <span class='ocrx_word' id='word_1_180' title='bbox 1034 2743 1196 2832; x_wconf 80' lang='lat' dir='ltr'>cuiusque</span> 
     </span>
     <span class='ocr_line' id='line_1_25' title="bbox 131 2847 1197 2944; baseline -0.003 -26"><span class='ocrx_word' id='word_1_181' title='bbox 131 2851 306 2920; x_wconf 80' lang='lat' dir='ltr'>avaritiam</span> <span class='ocrx_word' id='word_1_182' title='bbox 323 2853 546 2944; x_wconf 75' lang='lat' dir='ltr'>increpantes.</span> <span class='ocrx_word' id='word_1_183' title='bbox 598 2875 737 2943; x_wconf 83' lang='lat' dir='ltr'>cumque</span> <span class='ocrx_word' id='word_1_184' title='bbox 757 2849 879 2920; x_wconf 85' lang='lat' dir='ltr'>ecditio</span> <span class='ocrx_word' id='word_1_185' title='bbox 900 2849 943 2917; x_wconf 88' lang='lat' dir='ltr'>ad</span> <span class='ocrx_word' id='word_1_186' title='bbox 956 2873 1052 2933; x_wconf 87' lang='lat' dir='ltr'>eaxa,</span> <span class='ocrx_word' id='word_1_187' title='bbox 1074 2847 1116 2916; x_wconf 88' lang='lat' dir='ltr'>ad</span> <span class='ocrx_word' id='word_1_188' title='bbox 1135 2849 1197 2917; x_wconf 90' lang='lat' dir='ltr'>mi-</span> 
     </span>
    </p>
   </div>
   <div class='ocr_carea' id='block_1_3' title="bbox 161 3006 1198 3426">
    <p class='ocr_par' dir='ltr' id='par_1_7' title="bbox 198 3006 1113 3078">
     <span class='ocr_line' id='line_1_26' title="bbox 198 3006 1113 3078; baseline 0 -18"><span class='ocrx_word' id='word_1_189' title='bbox 198 3007 230 3060; x_wconf 78' lang='lat' dir='ltr'>G.</span> <span class='ocrx_word' id='word_1_190' title='bbox 243 3006 289 3062; x_wconf 79' lang='grc'>47.</span> <span class='ocrx_word' id='word_1_191' title='bbox 322 3009 445 3077; x_wconf 76' lang='lat' dir='ltr'>utruque</span> <span class='ocrx_word' id='word_1_192' title='bbox 460 3010 583 3078; x_wconf 69' lang='lat' dir='ltr'>Limine,</span> <span class='ocrx_word' id='word_1_193' title='bbox 607 3020 637 3064; x_wconf 83' lang='lat' dir='ltr'>ut</span> <span class='ocrx_word' id='word_1_194' title='bbox 653 3013 718 3076; x_wconf 81' lang='lat' dir='ltr'>XV,</span> <span class='ocrx_word' id='word_1_195' title='bbox 733 3013 778 3066; x_wconf 75' lang='grc'>27.</span> <span class='ocrx_word' id='word_1_196' title='bbox 805 3012 843 3063; x_wconf 84' lang='lat' dir='ltr'>nt</span> <span class='ocrx_word' id='word_1_197' title='bbox 859 3024 914 3064; x_wconf 85' lang='lat' dir='ltr'>cuo</span> <span class='ocrx_word' id='word_1_198' title='bbox 928 3023 1018 3077; x_wconf 69' lang='lat' dir='ltr'>moue</span> <span class='ocrx_word' id='word_1_199' title='bbox 1037 3010 1113 3062; x_wconf 77' lang='lat' dir='ltr'>MSS.</span> 
     </span>
    </p>

    <p class='ocr_par' dir='ltr' id='par_1_8' title="bbox 161 3075 1198 3426">
     <span class='ocr_line' id='line_1_27' title="bbox 198 3075 1198 3149; baseline 0.002 -19"><span class='ocrx_word' id='word_1_200' title='bbox 198 3079 228 3130; x_wconf 83' lang='lat' dir='ltr'>c.</span> <span class='ocrx_word' id='word_1_201' title='bbox 242 3077 286 3131; x_wconf 69' lang='lat' dir='ltr'>t&amp;</span> <span class='ocrx_word' id='word_1_202' title='bbox 320 3081 392 3131; x_wconf 78' lang='lat' dir='ltr'>crdo</span> <span class='ocrx_word' id='word_1_203' title='bbox 408 3081 538 3149; x_wconf 69' lang='lat' dir='ltr'>metaque</span> <span class='ocrx_word' id='word_1_204' title='bbox 555 3083 616 3134; x_wconf 81' lang='lat' dir='ltr'>edd.</span> <span class='ocrx_word' id='word_1_205' title='bbox 637 3083 690 3135; x_wconf 74' lang='lat' dir='ltr'>see</span> <span class='ocrx_word' id='word_1_206' title='bbox 706 3081 735 3134; x_wconf 85' lang='lat' dir='ltr'>in</span> <span class='ocrx_word' id='word_1_207' title='bbox 750 3084 805 3134; x_wconf 78' lang='lat' dir='ltr'>lte.</span> <span class='ocrx_word' id='word_1_208' title='bbox 821 3094 876 3149; x_wconf 76' lang='lat' dir='ltr'>quc</span> <span class='ocrx_word' id='word_1_209' title='bbox 892 3093 1029 3145; x_wconf 85' lang='lat' dir='ltr'>euprnecr.</span> <span class='ocrx_word' id='word_1_210' title='bbox 1055 3075 1198 3144; x_wconf 74' lang='lat' dir='ltr'>suspicor:</span> 
     </span>
     <span class='ocr_line' id='line_1_28' title="bbox 161 3148 1198 3286; baseline -0.002 -14"><span class='ocrx_word' id='word_1_211' title='bbox 161 3148 440 3286; x_wconf 38' lang='lat' dir='ltr'>“abdendum</span> <span class='ocrx_word' id='word_1_212' title='bbox 453 3253 462 3269; x_wconf 89' lang='lat'>.</span> <span class='ocrx_word' id='word_1_213' title='bbox 476 3255 484 3271; x_wconf 88' lang='lat'>.</span> <span class='ocrx_word' id='word_1_214' title='bbox 495 3219 653 3284; x_wconf 80' lang='lat' dir='ltr'>proliceret</span> <span class='ocrx_word' id='word_1_215' title='bbox 666 3221 725 3272; x_wconf 83' lang='lat' dir='ltr'>edd.</span> <span class='ocrx_word' id='word_1_216' title='bbox 748 3221 785 3271; x_wconf 78' lang='lat' dir='ltr'>Ac</span> <span class='ocrx_word' id='word_1_217' title='bbox 801 3221 856 3270; x_wconf 82' lang='lat' dir='ltr'>lte.</span> <span class='ocrx_word' id='word_1_218' title='bbox 867 3229 956 3286; x_wconf 78' lang='lat' dir='ltr'>ecque</span> <span class='ocrx_word' id='word_1_219' title='bbox 968 3215 1071 3272; x_wconf 79' lang='lat' dir='ltr'>coditio</span> <span class='ocrx_word' id='word_1_220' title='bbox 1085 3255 1093 3271; x_wconf 91' lang='lat'>.</span> <span class='ocrx_word' id='word_1_221' title='bbox 1106 3253 1114 3268; x_wconf 90' lang='lat'>.</span> <span class='ocrx_word' id='word_1_222' title='bbox 1126 3227 1198 3282; x_wconf 79' lang='lat' dir='ltr'>pcr-</span> 
     </span>
     <span class='ocr_line' id='line_1_29' title="bbox 162 3285 1195 3357; baseline -0.007 -16"><span class='ocrx_word' id='word_1_223' title='bbox 162 3287 285 3354; x_wconf 83' lang='lat' dir='ltr'>ttcerct‚</span> <span class='ocrx_word' id='word_1_224' title='bbox 309 3290 378 3352; x_wconf 82' lang='lat' dir='ltr'>quod</span> <span class='ocrx_word' id='word_1_225' title='bbox 394 3291 470 3339; x_wconf 86' lang='lat' dir='ltr'>recte</span> <span class='ocrx_word' id='word_1_226' title='bbox 484 3289 603 3340; x_wconf 75' lang='lat' dir='ltr'>restituit</span> <span class='ocrx_word' id='word_1_227' title='bbox 619 3291 798 3357; x_wconf 75' lang='lat' dir='ltr'>waltberto,</span> <span class='ocrx_word' id='word_1_228' title='bbox 820 3301 857 3341; x_wconf 82' lang='lat' dir='ltr'>ne</span> <span class='ocrx_word' id='word_1_229' title='bbox 872 3298 1046 3340; x_wconf 74' lang='lat' dir='ltr'>antenorem</span> <span class='ocrx_word' id='word_1_230' title='bbox 1063 3285 1195 3338; x_wconf 84' lang='lat' dir='ltr'>incerere.</span> 
     </span>
     <span class='ocr_line' id='line_1_30' title="bbox 161 3353 1196 3426; baseline -0.007 -14"><span class='ocrx_word' id='word_1_231' title='bbox 161 3359 320 3426; x_wconf 71' lang='lat' dir='ltr'>perliceret</span> <span class='ocrx_word' id='word_1_232' title='bbox 338 3367 390 3422; x_wconf 84' lang='lat' dir='ltr'>pro</span> <span class='ocrx_word' id='word_1_233' title='bbox 410 3357 590 3420; x_wconf 76' lang='lat' dir='ltr'>decompoetcc</span> <span class='ocrx_word' id='word_1_234' title='bbox 612 3359 784 3425; x_wconf 79' lang='lat' dir='ltr'>perettcmt</span> <span class='ocrx_word' id='word_1_235' title='bbox 805 3359 852 3410; x_wconf 82' lang='lat' dir='ltr'>vel</span> <span class='ocrx_word' id='word_1_236' title='bbox 873 3355 1100 3424; x_wconf 79' lang='lat' dir='ltr'>perprcltceret,</span> <span class='ocrx_word' id='word_1_237' title='bbox 1123 3353 1196 3406; x_wconf 74' lang='lat' dir='ltr'>deut</span> 
     </span>
    </p>
   </div>
   <div class='ocr_carea' id='block_1_4' title="bbox 128 3506 1195 4208">
    <p class='ocr_par' dir='ltr' id='par_1_9' title="bbox 130 3506 1195 3646">
     <span class='ocr_line' id='line_1_31' title="bbox 181 3506 1195 3579; baseline -0.004 -16"><span class='ocrx_word' id='word_1_238' title='bbox 181 3523 293 3578; x_wconf 80' lang='lat' dir='ltr'>procum</span> <span class='ocrx_word' id='word_1_239' title='bbox 313 3511 381 3574; x_wconf 79' lang='lat' dir='ltr'>otii]</span> <span class='ocrx_word' id='word_1_240' title='bbox 404 3513 465 3566; x_wconf 78' lang='lat' dir='ltr'>otto</span> <span class='ocrx_word' id='word_1_241' title='bbox 485 3511 642 3568; x_wconf 79' lang='lat' dir='ltr'>leactvtene.</span> <span class='ocrx_word' id='word_1_242' title='bbox 685 3513 784 3579; x_wconf 85' lang='lat' dir='ltr'>nicipto</span> <span class='ocrx_word' id='word_1_243' title='bbox 796 3512 931 3577; x_wconf 52' lang='lat' dir='ltr'>Apuliam</span> <span class='ocrx_word' id='word_1_244' title='bbox 952 3506 1134 3563; x_wconf 82' lang='lat' dir='ltr'>Dolabciletn</span> <span class='ocrx_word' id='word_1_245' title='bbox 1146 3517 1195 3560; x_wconf 90' lang='lat' dir='ltr'>co·</span> 
     </span>
     <span class='ocr_line' id='line_1_32' title="bbox 130 3579 1195 3646; baseline -0.006 -11"><span class='ocrx_word' id='word_1_246' title='bbox 130 3579 211 3635; x_wconf 82' lang='lat' dir='ltr'>lictb.</span> <span class='ocrx_word' id='word_1_247' title='bbox 225 3584 259 3634; x_wconf 84' lang='lat' dir='ltr'>ad</span> <span class='ocrx_word' id='word_1_248' title='bbox 273 3585 338 3646; x_wconf 80' lang='lat' dir='ltr'>Agr.</span> <span class='ocrx_word' id='word_1_249' title='bbox 355 3597 381 3646; x_wconf 88' lang='lat' dir='ltr'>p.</span> <span class='ocrx_word' id='word_1_250' title='bbox 393 3581 455 3636; x_wconf 77' lang='grc'><strong>264.</strong></span> <span class='ocrx_word' id='word_1_251' title='bbox 685 3585 784 3638; x_wconf 88' lang='lat' dir='ltr'>loniaru</span> <span class='ocrx_word' id='word_1_252' title='bbox 798 3583 955 3646; x_wconf 80' lang='lat' dir='ltr'>Aquinatem</span> <span class='ocrx_word' id='word_1_253' title='bbox 972 3581 1006 3631; x_wconf 86' lang='lat' dir='ltr'>eh</span> <span class='ocrx_word' id='word_1_254' title='bbox 1027 3579 1129 3631; x_wconf 81' lang='lat' dir='ltr'>othone</span> <span class='ocrx_word' id='word_1_255' title='bbox 1147 3591 1195 3629; x_wconf 84' lang='lat' dir='ltr'>ec·</span> 
     </span>
    </p>

    <p class='ocr_par' dir='ltr' id='par_1_10' title="bbox 129 3649 1195 3922">
     <span class='ocr_line' id='line_1_33' title="bbox 183 3649 911 3720; baseline -0.003 -19"><span class='ocrx_word' id='word_1_256' title='bbox 183 3649 264 3701; x_wconf 60' lang='lat'>(2⁴7.</span> <span class='ocrx_word' id='word_1_257' title='bbox 288 3651 381 3711; x_wconf 67' lang='lat' dir='ltr'>suto]</span> <span class='ocrx_word' id='word_1_258' title='bbox 399 3655 428 3703; x_wconf 89' lang='lat' dir='ltr'>le</span> <span class='ocrx_word' id='word_1_259' title='bbox 441 3653 535 3704; x_wconf 79' lang='lat' dir='ltr'>consul</span> <span class='ocrx_word' id='word_1_260' title='bbox 549 3651 643 3707; x_wconf 56' lang='grc'><strong>2804.</strong></span> <span class='ocrx_word' id='word_1_261' title='bbox 685 3654 798 3720; x_wconf 83' lang='lat' dir='ltr'>poeitae.</span> <span class='ocrx_word' id='word_1_262' title='bbox 831 3652 911 3703; x_wconf 79' lang='lat' dir='ltr'>ere.</span> 
     </span>
     <span class='ocr_line' id='line_1_34' title="bbox 131 3711 1195 3782; baseline -0.004 -13"><span class='ocrx_word' id='word_1_263' title='bbox 131 3719 174 3774; x_wconf 82' lang='lat' dir='ltr'>ct.</span> <span class='ocrx_word' id='word_1_264' title='bbox 196 3719 267 3782; x_wconf 81' lang='lat' dir='ltr'>xli,</span> <span class='ocrx_word' id='word_1_265' title='bbox 292 3719 335 3770; x_wconf 80' lang='grc'>52.</span> <span class='ocrx_word' id='word_1_266' title='bbox 358 3720 449 3772; x_wconf 73' lang='lat' dir='ltr'>Gener</span> <span class='ocrx_word' id='word_1_267' title='bbox 468 3722 573 3775; x_wconf 82' lang='lat' dir='ltr'>claudii</span> <span class='ocrx_word' id='word_1_268' title='bbox 592 3723 643 3774; x_wconf 82' lang='lat' dir='ltr'>tuit</span> <span class='ocrx_word' id='word_1_269' title='bbox 734 3723 764 3775; x_wconf 85' lang='lat' dir='ltr'>c.</span> <span class='ocrx_word' id='word_1_270' title='bbox 778 3719 823 3773; x_wconf 82' lang='grc'>48.</span> <span class='ocrx_word' id='word_1_271' title='bbox 856 3711 1195 3778; x_wconf 61' lang='lat' dir='ltr'>cenomannorum</span> 
     </span>
     <span class='ocr_line' id='line_1_35' title="bbox 129 3783 1193 3856; baseline -0.004 -17"><span class='ocrx_word' id='word_1_272' title='bbox 129 3801 181 3854; x_wconf 85' lang='lat' dir='ltr'>per</span> <span class='ocrx_word' id='word_1_273' title='bbox 201 3787 309 3850; x_wconf 81' lang='lat' dir='ltr'>nuptiae</span> <span class='ocrx_word' id='word_1_274' title='bbox 328 3789 470 3844; x_wconf 77' lang='lat' dir='ltr'>Auwutac.</span> <span class='ocrx_word' id='word_1_275' title='bbox 493 3791 529 3844; x_wconf 85' lang='lat' dir='ltr'>V.</span> <span class='ocrx_word' id='word_1_276' title='bbox 553 3804 578 3846; x_wconf 83' lang='lat' dir='ltr'>c.</span> <span class='ocrx_word' id='word_1_277' title='bbox 599 3793 642 3845; x_wconf 75' lang='lat'>2³.</span> <span class='ocrx_word' id='word_1_278' title='bbox 685 3791 731 3843; x_wconf 85' lang='lat' dir='ltr'>vel</span> <span class='ocrx_word' id='word_1_279' title='bbox 749 3789 838 3856; x_wconf 78' lang='lat' dir='ltr'>pocius</span> <span class='ocrx_word' id='word_1_280' title='bbox 854 3785 1042 3853; x_wconf 82' lang='lat' dir='ltr'>decurionum,</span> <span class='ocrx_word' id='word_1_281' title='bbox 1064 3793 1094 3837; x_wconf 90' lang='lat' dir='ltr'>ut</span> <span class='ocrx_word' id='word_1_282' title='bbox 1107 3785 1142 3836; x_wconf 84' lang='lat' dir='ltr'>ll.</span> <span class='ocrx_word' id='word_1_283' title='bbox 1154 3783 1193 3852; x_wconf 89' lang='lat' dir='ltr'>ll,</span> 
     </span>
     <span class='ocr_line' id='line_1_36' title="bbox 129 3851 1195 3922; baseline -0.008 -8"><span class='ocrx_word' id='word_1_284' title='bbox 129 3859 238 3914; x_wconf 79' lang='lat' dir='ltr'>Ouaun-</span> <span class='ocrx_word' id='word_1_285' title='bbox 684 3856 1007 3914; x_wconf 57' lang='lat' dir='ltr'>commentaremur.</span> <span class='ocrx_word' id='word_1_286' title='bbox 1046 3856 1109 3906; x_wconf 85' lang='lat' dir='ltr'>btcx</span> <span class='ocrx_word' id='word_1_287' title='bbox 1125 3851 1195 3922; x_wconf 82' lang='lat' dir='ltr'>prt-</span> 
     </span>
    </p>

    <p class='ocr_par' dir='ltr' id='par_1_11' title="bbox 128 3923 1194 4208">
     <span class='ocr_line' id='line_1_37' title="bbox 180 3923 1194 3996; baseline -0.001 -18"><span class='ocrx_word' id='word_1_288' title='bbox 180 3923 415 3990; x_wconf 78' lang='lat' dir='ltr'>Maceiltenctum]</span> <span class='ocrx_word' id='word_1_289' title='bbox 430 3927 579 3996; x_wconf 83' lang='lat' dir='ltr'>ltelegcudi</span> <span class='ocrx_word' id='word_1_290' title='bbox 592 3943 642 3996; x_wconf 83' lang='lat' dir='ltr'>ge·</span> <span class='ocrx_word' id='word_1_291' title='bbox 682 3931 723 3982; x_wconf 79' lang='lat' dir='ltr'>mi</span> <span class='ocrx_word' id='word_1_292' title='bbox 746 3929 882 3994; x_wconf 69' lang='lat' dir='ltr'>mairem</span> <span class='ocrx_word' id='word_1_293' title='bbox 901 3927 1030 3989; x_wconf 77' lang='lat' dir='ltr'>primores</span> <span class='ocrx_word' id='word_1_294' title='bbox 1049 3923 1194 3992; x_wconf 62' lang='lat' dir='ltr'>erminceo,</span> 
     </span>
     <span class='ocr_line' id='line_1_38' title="bbox 128 3993 1193 4065; baseline -0.003 -15"><span class='ocrx_word' id='word_1_295' title='bbox 128 4009 181 4050; x_wconf 83' lang='lat' dir='ltr'>uus</span> <span class='ocrx_word' id='word_1_296' title='bbox 194 4005 249 4048; x_wconf 85' lang='lat' dir='ltr'>tum</span> <span class='ocrx_word' id='word_1_297' title='bbox 263 3997 399 4061; x_wconf 80' lang='lat' dir='ltr'>nequens.</span> <span class='ocrx_word' id='word_1_298' title='bbox 420 3995 465 4050; x_wconf 78' lang='lat' dir='ltr'>Sic</span> <span class='ocrx_word' id='word_1_299' title='bbox 479 3999 549 4054; x_wconf 85' lang='lat' dir='ltr'>lullo</span> <span class='ocrx_word' id='word_1_300' title='bbox 562 3997 641 4064; x_wconf 83' lang='lat' dir='ltr'>appi·</span> <span class='ocrx_word' id='word_1_301' title='bbox 683 4008 713 4054; x_wconf 86' lang='lat' dir='ltr'>no</span> <span class='ocrx_word' id='word_1_302' title='bbox 732 4000 788 4052; x_wconf 83' lang='lat' dir='ltr'>cic.</span> <span class='ocrx_word' id='word_1_303' title='bbox 801 4000 885 4050; x_wconf 83' lang='lat' dir='ltr'>verr.</span> <span class='ocrx_word' id='word_1_304' title='bbox 896 3995 941 4065; x_wconf 90' lang='lat'>11,</span> <span class='ocrx_word' id='word_1_305' title='bbox 957 3997 1000 4050; x_wconf 75' lang='lat' dir='ltr'>et.</span> <span class='ocrx_word' id='word_1_306' title='bbox 1023 3995 1136 4050; x_wconf 77' lang='lat' dir='ltr'>neonae</span> <span class='ocrx_word' id='word_1_307' title='bbox 1153 3993 1193 4048; x_wconf 80' lang='lat' dir='ltr'>od</span> 
     </span>
     <span class='ocr_line' id='line_1_39' title="bbox 128 4064 1193 4138; baseline 0.001 -20"><span class='ocrx_word' id='word_1_308' title='bbox 128 4069 164 4118; x_wconf 83' lang='lat' dir='ltr'>do</span> <span class='ocrx_word' id='word_1_309' title='bbox 177 4066 360 4134; x_wconf 76' lang='lat' dir='ltr'>Bhegtncrum</span> <span class='ocrx_word' id='word_1_310' title='bbox 375 4066 410 4119; x_wconf 86' lang='lat' dir='ltr'>ab</span> <span class='ocrx_word' id='word_1_311' title='bbox 423 4069 546 4136; x_wconf 77' lang='lat' dir='ltr'>Augnetc</span> <span class='ocrx_word' id='word_1_312' title='bbox 563 4069 641 4122; x_wconf 85' lang='lat' dir='ltr'>clau·</span> <span class='ocrx_word' id='word_1_313' title='bbox 681 4068 936 4133; x_wconf 68' lang='lat' dir='ltr'>coemuranae</span> <span class='ocrx_word' id='word_1_314' title='bbox 947 4067 1149 4138; x_wconf 67' lang='lat' dir='ltr'>amatam</span> <span class='ocrx_word' id='word_1_315' title='bbox 1162 4064 1193 4120; x_wconf 81' lang='lat' dir='ltr'>ct</span> 
     </span>
     <span class='ocr_line' id='line_1_40' title="bbox 128 4139 905 4208; baseline 0.003 -18"><span class='ocrx_word' id='word_1_316' title='bbox 128 4147 177 4202; x_wconf 68' lang='lat' dir='ltr'>eur</span> <span class='ocrx_word' id='word_1_317' title='bbox 198 4139 308 4192; x_wconf 75' lang='lat' dir='ltr'>silence</span> <span class='ocrx_word' id='word_1_318' title='bbox 320 4147 339 4190; x_wconf 86' lang='lat' dir='ltr'>e</span> <span class='ocrx_word' id='word_1_319' title='bbox 351 4140 457 4194; x_wconf 77' lang='lat' dir='ltr'>Nerone</span> <span class='ocrx_word' id='word_1_320' title='bbox 468 4139 564 4208; x_wconf 81' lang='lat' dir='ltr'>Bario,</span> <span class='ocrx_word' id='word_1_321' title='bbox 579 4151 640 4193; x_wconf 87' lang='lat' dir='ltr'>mu·</span> <span class='ocrx_word' id='word_1_322' title='bbox 681 4139 905 4208; x_wconf 72' lang='lat' dir='ltr'>marmoream.</span> 
     </span>
    </p>
   </div>
   <div class='ocr_carea' id='block_1_5' title="bbox 0 0 1438 4802">
    <p class='ocr_par' dir='ltr' id='par_1_12' title="bbox 0 0 1438 4802">
     <span class='ocr_line' id='line_1_41' title="bbox 0 0 1438 4802; baseline 0 1"><span class='ocrx_word' id='word_1_323' title='bbox 0 0 1438 4802; x_wconf 95' lang='lat' dir='ltr'> </span> 
     </span>
    </p>
   </div>
  </div>
 </body>
</html>
