2862 4810
247 271 316 341 3⁰⁰
629 263 941 336 annuerunt

199 455 340 529 anniani
352 454 465 535 labri,
485 453 693 543 gloriamque
707 453 866 522 iaeinoris
879 455 972 521 ultro
986 455 1116 542 petora;
1138 453 1266 523 alarum
1280 475 1323 552 sq

248 583 289 626 so
307 563 342 626 in
362 558 462 639 urbe,
490 556 598 625 didita
620 581 681 648 per
701 559 891 648 provincias
910 558 1016 639 lama,
1043 577 1165 646 parare
1187 557 1257 624 iter
1278 557 1324 626 ad

249 663 466 730 Germanicos
481 665 660 744 exereitus,
680 661 813 750 wando
826 661 959 749 genitus
971 660 1123 729 Viennae
1140 661 1324 750 multisque

248 773 284 832 st
306 761 428 830 validis
450 765 761 854 propinquitatibus
781 766 942 832 subnixus
955 763 1093 832 turbare
1107 765 1249 850 gentiles
1262 787 1324 832 uo·

247 869 356 936 tiones
378 875 568 958 promptum
590 867 741 938 baberet.
783 867 838 938 At
846 865 1012 938 Claudius
1027 867 1112 934 nibil
1123 870 1214 935 ultre
1226 889 1324 934 soru-

245 979 360 1053 tatus,
396 971 475 1038 uitis
503 991 577 1036 aum
608 971 774 1039 militibus
799 981 956 1062 tanquam
984 969 1202 1061 opprimendo
1230 970 1322 1038 bello

246 1073 440 1162 Crispinum
475 1075 638 1160 praetorii
671 1076 876 1161 praetentum
912 1077 1024 1158 misit3
1062 1097 1082 1141 a
1110 1095 1177 1162 quo
1206 1093 1321 1163 rsper-

246 1189 303 1248 tus
324 1188 379 1244 est
396 1175 485 1264 apud
509 1175 631 1257 baias,
658 1179 843 1267 vinelisqne
862 1177 980 1246 inditis
1000 1178 1035 1244 iu
1054 1175 1172 1244 urbem
1187 1185 1321 1266 raptus.

245 1285 281 1352 2.
309 1279 431 1368 Neque
450 1279 529 1345 datu
549 1291 686 1346 senatus
704 1281 817 1371 eopia:
851 1282 941 1348 intra
963 1279 1153 1350 cubiculum
1173 1279 1324 1363 auditur,

245 1387 427 1456 Messalina
442 1405 573 1464 oerum,
595 1391 631 1452 et
648 1382 772 1454 Suillio
788 1383 1035 1474 corruptionem
1052 1383 1215 1466 militum,
1235 1405 1323 1472 quus

245 1490 386 1582 petuma
413 1496 449 1554 et
480 1496 599 1576 stupro
627 1487 661 1554 iu
683 1490 773 1556 omui
792 1489 920 1575 flagitio
939 1487 1125 1556 obstrietus
1147 1486 1325 1574 urguebat,

243 1595 321 1662 exin
341 1591 542 1660 adulterium
560 1587 754 1680 Poppaeae,
783 1615 821 1660 ao
834 1599 1040 1683 postremam
1053 1591 1231 1658 nubitis·
1246 1611 1324 1659 eor·

243 1697 338 1790 poris
358 1695 556 1764 oblectante.
598 1693 659 1761 Ad
681 1695 771 1782 quod
792 1695 879 1764 vieto
901 1697 1035 1764 silentio
1055 1693 1212 1786 prorupit
1230 1715 1322 1778 rsus,

247 1811 284 1868 st
298 1849 319 1882 „
326 1801 497 1884 interroga
504 1801 526 1836 “
542 1797 652 1886 inquit
664 1843 686 1878 „
696 1797 809 1878 Suilli,
831 1799 919 1866 lilios
932 1807 1029 1868 tuos:
1051 1799 1159 1870 virum
1175 1820 1252 1866 esse
1269 1821 1321 1866 me

245 1903 452 1972 fatebuntur.
459 1905 482 1940 “
523 1897 768 1990 Ingressusque
782 1899 1018 1988 defensionem,
1038 1910 1203 1972 summoto
1218 1903 1322 1970 maio-

245 2029 317 2076 rom
337 2005 372 2074 iu
394 2001 527 2070 mudum
546 2002 709 2087 Claudio,
732 2005 1079 2096 Messalinaequoque
1091 2003 1252 2092 leonium
1263 2026 1321 2072 ex-

245 2112 339 2184 olvit.
381 2107 515 2198 Quibus
534 2107 709 2176 abluendis
723 2110 878 2178 oubioulo
891 2108 1067 2198 egrediens
1084 2113 1196 2176 ruunt
1208 2105 1324 2175 viul-

243 2215 348 2295 lium,
384 2233 426 2280 ne
454 2210 544 2278 elabi
562 2233 656 2278 reum
677 2213 816 2285 sineret.
865 2213 941 2305 ipse
963 2213 1007 2280 ad
1028 2210 1209 2305 pernitiam
1229 2207 1321 2300 Pop-

243 2340 349 2410 paeas
367 2317 507 2384 festinat
526 2313 702 2398 subditos,
728 2317 787 2406 qui
805 2325 936 2386 terrers
948 2315 1095 2385 samoris
1109 2312 1154 2381 ed
1167 2313 1320 2382 voluuta-

243 2422 330 2490 riem
352 2425 492 2486 mortem
512 2417 755 2508 propellerent,
784 2419 867 2490 adeo
887 2423 1005 2512 iguaro
1022 2420 1168 2490 Caesare
1181 2425 1219 2485 ut
1233 2439 1318 2507 pau·

242 2545 301 2594 eos
321 2533 403 2615 post
419 2521 494 2590 dies
507 2523 697 2612 opulentam
714 2523 804 2611 apud
816 2547 854 2593 ss
868 2524 1025 2592 maritum
1041 2523 1115 2592 eius
1128 2521 1319 2613 Scipionem

242 2633 534 2718 pemuuoteretur,
561 2647 624 2694 our
643 2627 715 2694 sine
736 2649 839 2698 uxore
862 2627 1106 2712 discubuisset,
1138 2633 1241 2718 atque
1259 2627 1318 2695 ille

312 2785 376 2838 (tt.
402 2783 525 2852 seattmt
536 2783 665 2836 suanm
679 2787 744 2850 ua,
760 2795 791 2838 ut
802 2785 837 2842 a.
850 2787 893 2838 2⁰.
909 2783 1113 2856 Nauaqubus
1128 2785 1319 2856 festinos-

275 2855 351 2908 tur.
374 2851 431 2906 ΑιΙ.
445 2851 584 2922 notatu,
604 2861 634 2906 ot
651 2855 703 2922 lv,
720 2855 765 2910 tt.
797 2857 890 2910 Deru.

242 3025 291 3066 oo.
311 3003 353 3064 als
365 3003 454 3060 l'ol'obo
466 3003 597 3076 laquies,
614 3001 760 3078 olettpm
850 3011 960 3072 Mus]
991 3012 1033 3064 Ex
1052 3009 1132 3076 vu*
1153 3010 1224 3064 Aen.
1238 3011 1318 3080 vlu,

241 3071 425 3137 Ἰωνικός.
437 3070 505 3146 ἅνῆρ
513 3071 675 3142 dnorwaels,
686 3079 760 3131 duo-
803 3081 863 3133 tou.
885 3081 1091 3134 musterolo
1104 3081 1193 3148 fuam.

240 3139 401 3213 pmdvdq'
422 3139 759 3214 τινατρῦιοναῦτοῦσῆ·
853 3149 925 3202 (lb.
958 3152 990 3203 lto
1009 3148 1227 3215 mmlllaqlllt]
1249 3145 1316 3198 ⁸⁰ss-

241 3208 353 3280 oizum
373 3208 500 3266 testate
517 3211 544 3270 ds
561 3215 709 3282 napspools
730 3231 760 3266 os
801 3221 871 3284 quud
893 3217 1033 3270 Aristides
1059 3217 1238 3270 nomisisset
1254 3217 1315 3266 *rel

240 3283 339 3352 poploe
350 3285 398 3336 stul
408 3277 556 3350 lafloq'ow
571 3283 632 3336 aldo
641 3277 694 3352 ipsi
704 3275 759 3336 ud·
801 3285 995 3340 mnntsmms
1008 3287 1117 3350 tumst,
1126 3288 1152 3338 b·
1161 3297 1186 3334 e.
1199 3283 1229 3336 lu
1240 3283 1315 3337 nuni

238 3344 478 3404 seiunctam!
511 3353 567 3404 Neo
587 3351 621 3404 ab
641 3351 682 3402 blo
701 3351 760 3404 dlu-
801 3354 897 3421 nuptui
909 3356 1063 3410 musione.
1086 3358 1211 3410 wsm-

240 3429 336 3486 erepat
355 3419 483 3486 tacitum
505 3431 558 3486 qno
574 3429 685 3472 suetoso
705 3433 759 3473 uon
851 3424 1072 3486 uiotoodsstto]
1087 3419 1318 3478 nmuuonrno

241 3502 274 3540 so
307 3489 435 3542 uastis
468 3494 592 3552 patratae
621 3493 759 3543 auotorom
799 3491 939 3560 Asiatico,
954 3495 1069 3546 -sllontio
1089 3495 1164 3548 tamo
1181 3503 1252 3556 quoe
1265 3491 1317 3544 ub·

241 3557 396 3618 (euersos
425 3558 496 3610 sulm
526 3561 601 3611 terre
632 3559 758 3612 occubuit
800 3563 973 3616 trementer.
1006 3563 1110 3616 §beben
1130 3562 1215 3626 igitur
1231 3564 1259 3611 et
1277 3559 1319 3610 si·

240 3627 595 3697 congula‚san.1,a2.),
613 3631 662 3680 sed
674 3641 758 3682 oon·
799 3631 883 3686 renuo
907 3631 1036 3688 viuoebst
1064 3633 1239 3698 cupiditatem
1269 3641 1318 3679 ro-

239 3695 445 3750 iurationis
468 3695 636 3763 intererat,
663 3696 758 3752 irrita·
799 3701 955 3766 spondenti.
993 3703 1031 3754 Aa
1055 3709 1191 3766 purusne
1215 3698 1320 3750 oletum

240 3771 287 3815 tus
321 3765 387 3818 ullus
419 3763 549 3820 curans
586 3767 759 3836 teutomodo,
799 3778 845 3822 eso
869 3771 1023 3840 silendum,
1052 3773 1078 3822 b.
1097 3785 1123 3824 e.
1149 3782 1204 3822 uun
1231 3767 1321 3832 potuit

241 3843 322 3896 quom
348 3835 444 3886 παπαί
471 3835 567 3887 &neo
596 3833 687 3888 const
712 3839 757 3890 18.
799 3839 1022 3902 anpliussflere.
1052 3837 1149 3905 cogita
1160 3840 1195 3890 de
1205 3847 1321 3890 eontan-

242 3901 413 3965 ouaoropter
441 3901 582 3970 distinguit
616 3907 757 3968 auumque
799 3907 873 3962 tiouo
892 3921 1021 3962 soumunr
1036 3907 1109 3962 intra
1121 3907 1239 3962 aninum
1251 3903 1323 3958 vno.

240 3969 367 4026 uouere:
388 3971 581 4026 eunturatleuts
600 3975 757 4026 sootetstem
799 3977 845 4030 Sto
856 3977 935 4030 sicto
946 3978 1054 4046 penum
1070 3977 1121 4042 lv,
1140 3979 1167 4030 8.
1191 3977 1322 4031 waere.

240 4037 400 4106 sumsero,
415 4041 757 4108 maleglorianecnes-
853 4047 1012 4110 Vitellium]
1042 4047 1125 4099 Pater
1143 4045 1168 4096 is
1193 4045 1322 4110 lupera-

241 4117 292 4160 ree
305 4117 476 4174 praereptam
488 4111 592 4177 optavit
604 4114 716 4166 tautum
799 4115 868 4168 toris
880 4117 947 4172 tutto
963 4120 998 4172 de
1009 4129 1062 4186 que
1074 4115 1132 4186 vl,
1150 4117 1194 4167 ³2.
