2870 4804
362 309 469 382 can.
491 289 593 382 avr.
635 303 757 381 car.
783 307 943 382 aa-ae.
1121 295 1190 384 aas

109 487 265 598 posceret
283 479 376 568 renni
393 483 432 568 ex
448 483 688 592 proconsulatu
701 493 827 580 Asiae,
847 479 968 587 inqua
986 496 1234 575 offensionescc.

48 641 53 663 ·
108 609 272 699 principis
298 603 391 670 auxit
419 603 551 669 iustitia
574 611 674 694 atque
695 601 883 694 industria,
920 609 955 668 et
975 605 1053 691 quia
1073 607 1188 694 portui

109 713 329 802 Ephesiorum
357 707 536 803 aperiendo
558 728 670 772 curam
692 705 933 794 insumpserat,
959 709 1093 796 vimque
1106 711 1188 779 civi.

110 817 194 882 tatis
216 813 460 900 Pergamenae,
489 810 697 900 prohibentis
717 810 882 876 Acratum
903 807 1060 880 Caesaris
1079 813 1189 880 liher-

110 927 179 985 tnm
198 925 329 984 statuas
346 923 381 982 et
398 915 547 1006 picturas
565 915 725 991 avehere,
753 915 893 981 inultam
911 915 1082 986 omiserat.
1126 915 1188 984 sed

108 1023 239 1090 crimini
265 1020 409 1086 dabatur
438 1019 584 1086 amicitia
606 1017 720 1086 Plauti
742 1027 776 1085 et
802 1019 940 1084 ambitio
961 1011 1190 1088 conciliandae

108 1125 297 1218 provinciae
313 1123 354 1188 ad
371 1145 450 1212 spes
465 1144 580 1192 novas.
621 1119 773 1210 Tempus
788 1121 990 1190 damnationi
1008 1121 1188 1208 delectum,

109 1251 175 1328 quo
188 1225 363 1296 Tiridates
384 1225 577 1314 accipiendo
592 1225 775 1292 Armeniae
788 1248 889 1313 regno
905 1225 1124 1308 adventabat,
1147 1237 1188 1296 ut

110 1333 153 1400 ad
175 1341 309 1400 antenna
327 1331 516 1398 rumoribus
532 1330 726 1395 intestinum
743 1333 853 1397 scelus
867 1329 1124 1414 obscuraretur,
1144 1353 1187 1399 an

109 1445 149 1505 ut
168 1433 426 1522 magnitudinem
445 1433 697 1523 imperatoriam
719 1431 820 1498 caede
841 1431 1019 1518 insignium
1037 1433 1186 1501 virorum

109 1541 208 1630 qrrasi
222 1539 313 1623 regio
327 1538 474 1604 facinore
491 1543 690 1603 ostentaret.
734 1537 790 1603 24.
812 1533 925 1622 lgitur
942 1539 1031 1604 omni
1049 1539 1187 1607 civitate

111 1643 152 1710 ad
173 1640 401 1732 excipiendum
421 1640 605 1729 principem
629 1637 910 1727 spectandumque
934 1659 1045 1726 regem
1068 1641 1188 1724 effusa,

110 1747 264 1815 Thrasea
280 1731 420 1810 occursu
436 1743 625 1830 prohibitus
639 1765 703 1808 non
717 1739 853 1808 demisit
867 1741 1030 1825 animum,
1052 1743 1113 1811 sed
1131 1767 1187 1813 co-

110 1849 242 1916 dicillos
264 1847 306 1914 ad
325 1844 492 1915 Neronem
512 1846 719 1936 composuit,
743 1847 918 1933 requirens
934 1845 1064 1914 obiecta
1080 1856 1115 1914 et
1130 1871 1188 1915 ex·

109 1939 331 2042 purgaturum
355 1971 569 2029 asseverans,
598 1949 629 2016 si
650 1949 801 2015 notitiam
817 1949 992 2015 criminum
1006 1961 1042 2017 et
1055 1951 1186 2041 copiam

110 2055 259 2121 diluendi
281 2055 466 2120 haberisset.
509 2051 576 2118 Eos
599 2051 772 2119 codicillos
788 2051 882 2121 Nero
896 2063 1118 2142 properanter
1132 2075 1188 2124 ac·

109 2159 215 2246 c'epit,
237 2179 297 2245 spe
313 2159 507 2224 exterritum
524 2155 710 2223 Thraseam
731 2155 911 2244 scripsisse
932 2177 993 2244 per
1013 2177 1098 2244 quae
1115 2161 1186 2227 cla-

108 2261 289 2328 ritudinem
307 2261 468 2349 principis
488 2261 664 2327 adtolleret
676 2281 836 2348 suamque
852 2259 971 2326 lamam
987 2259 1186 2330 dehonesta-

107 2373 172 2436 ret.
217 2363 388 2454 Quodnisi
403 2387 469 2432 non
483 2363 604 2442 evenit,
623 2363 816 2450 voltumque
831 2371 865 2430 et
878 2365 1019 2454 spiritus
1033 2371 1068 2432 et
1081 2367 1186 2434 liber-

107 2475 211 2535 tatem
229 2468 372 2533 insontis
385 2468 477 2530 ultro
497 2465 670 2545 extimuit,
691 2465 802 2532 vocari
818 2475 932 2556 patres
946 2467 1051 2538 iubet.
1092 2467 1184 2537 'l’um

106 2569 261 2636 Thrasea
281 2569 370 2633 inter
388 2565 557 2652 proximos
575 2569 794 2651 consultavit,
814 2575 1004 2638 tentaretne
1017 2571 1184 2643 detensio-

106 2691 180 2738 nem
210 2691 252 2735 an
278 2675 463 2758 sperneret.
521 2671 577 2756 25.
612 2668 756 2739 Diversa
783 2673 923 2741 consilia
945 2675 1183 2750 afferebantur.

108 2771 242 2860 Quibus
256 2773 377 2838 intrari
391 2771 517 2837 curiam
534 2774 709 2860 placebat,
729 2797 866 2844 securos
881 2801 956 2847 esse
972 2777 1014 2846 de
1027 2787 1182 2848 consun-

106 2878 155 2943 tia
168 2877 241 2942 eius
255 2873 428 2959 dixerunt3
455 2876 540 2942 nihil
555 2877 741 2960 dicturum,
760 2881 828 2946 nisi
843 2904 910 2968 quo
925 2881 1065 2966 gloriam
1081 2905 1186 2972 auge-¹
1312 2929 1322 2944 ι

105 2987 170 3052 ret.
214 3001 334 3067 segnes
357 2986 392 3045 ct
414 2977 553 3068 pavidos
573 2985 741 3068 supremis
762 2983 835 3052 suis
855 2991 1022 3054 secretum
1039 2987 1183 3058 circum·

172 3153 204 3208 (t.
216 3151 260 3206 24.
293 3167 344 3220 spe
359 3155 517 3209 Rhenanus.
550 3157 588 3208 Aa
605 3157 681 3208 MSS.
697 3169 792 3222 saepe.

173 3225 277 3288 (laod.
293 3225 410 3276 .eaeatt
426 3227 485 3276 edd.
520 3221 556 3275 Aa
580 3229 636 3278 Ma.
661 3227 721 3288 Quo
737 3226 820 3279 datie
836 3241 894 3278 noa
910 3227 1000 3280 canit.
1035 3231 1184 3294 Sasplcor:

10 3295 11 3302 ’
137 3293 463 3361 consummet,
485 3297 516 3346 ut
535 3293 667 3364 x11,a2.
685 3296 1113 3364 ldqaoprompttueoentret.
1146 3306 1184 3358 Et

172 3397 267 3484 (2⁹25.
301 3443 362 3484 esse
377 3432 436 3482 edd.
471 3432 508 3481 Aa
524 3433 578 3482 ala.
597 3433 627 3483 et
644 3445 715 3484 esse.
748 3431 878 3496 suspicor
894 3434 966 3484 male
986 3436 1186 3500 transpositam

136 3513 201 3550 esse
218 3502 263 3565 et,
288 3513 322 3553 ac
339 3500 480 3562 superlore
498 3514 580 3553 versu
596 3503 687 3554 locum
700 3503 843 3555 habuisse:
865 3503 909 3556 nt
925 3503 1045 3557 dicem
1062 3508 1187 3562 emesa

134 3569 343 3636 afferebantur.
375 3571 470 3622 Danu.

155 3735 186 3787 c.
194 3739 239 3789 23.
256 3739 411 3799 Amatam]
427 3735 563 3804 Viaxv,
576 3737 621 3791 45.
663 3741 740 3800 Quod
753 3739 858 3805 signum
872 3739 1002 3807 principis
1015 3731 1182 3810 ludigaantl's

154 3805 314 3870 Tiridates]
339 3810 403 3859 vid.
417 3808 481 3871 XV,
499 3811 542 3858 29.
663 3817 691 3858 et
712 3823 731 3860 ιι
748 3821 778 3859 se
798 3819 880 3876 atque
901 3822 1015 3874 aspecta
1034 3825 1083 3865 suo
1100 3825 1181 3877 sper-

155 3874 194 3922 od
211 3877 352 3934 caterno]
377 3877 401 3928 l·.
423 3889 449 3927 e.
470 3876 620 3927 rumoribus
662 3876 769 3942 nentis3
792 3888 823 3928 ιιι
840 3882 874 3931 ab
892 3883 985 3933 eodem
999 3885 1106 3934 Nerone
1119 3883 1180 3934 Vc·

104 3941 277 3996 externarum
297 3957 388 3996 rerum
407 3945 552 3998 oecssnme
568 3957 620 3996 na·
663 3947 807 4009 spaniacus
826 3949 987 4012 protttttoa
1003 3965 1061 4002 noa
1074 3953 1179 4004 contu·
1204 4003 1205 4011 ,

103 4009 145 4060 sci
158 4011 261 4075 solitis3
278 4017 308 4064 ut
322 4013 359 4080 11,
375 4017 401 4064 2.
417 4015 622 4068 Laetantesnt
662 4015 760 4068 moto
783 4019 867 4069 modo
889 4021 940 4071 sed
961 4022 1048 4074 ettam
1065 4022 1179 4088 pumen

102 4080 481 4148 ramesdnoootmpsrto.
662 4085 846 4141 aalototione.
880 4091 955 4141 socc.
969 4092 1055 4156 vesp.
1074 4089 1103 4144 4.
1135 4093 1179 4146 tx

155 4151 187 4204 c.
208 4149 254 4204 24.
299 4163 424 4208 occurso
444 4149 620 4220 prohibitae]
661 4156 741 4208 Lars.

890 4221 972 4292 3⁵*
