<?xml version="1.0" encoding="UTF-8"?>
<!DOCTYPE html PUBLIC "-//W3C//DTD XHTML 1.0 Transitional//EN"
    "http://www.w3.org/TR/xhtml1/DTD/xhtml1-transitional.dtd">
<html xmlns="http://www.w3.org/1999/xhtml" xml:lang="en" lang="en">
 <head>
  <title>
</title>
<meta http-equiv="Content-Type" content="text/html;charset=utf-8" />
  <meta name='ocr-system' content='tesseract 3.04.00' />
  <meta name='ocr-capabilities' content='ocr_page ocr_carea ocr_par ocr_line ocrx_word'/>
</head>
<body>
  <div class='ocr_page' id='page_1' title='image "./ccorneliitaciti22tacigoog_0165.png"; bbox 0 0 2814 4806; ppageno 0'>
   <div class='ocr_carea' id='block_1_1' title="bbox 359 229 1160 310">
    <p class='ocr_par' dir='ltr' id='par_1_1' title="bbox 359 229 1160 310">
     <span class='ocr_line' id='line_1_1' title="bbox 359 229 1160 310; baseline 0.007 -6"><span class='ocrx_word' id='word_1_1' title='bbox 359 233 463 307; x_wconf 77' lang='lat' dir='ltr'>Lm.</span> <span class='ocrx_word' id='word_1_2' title='bbox 481 229 550 308; x_wconf 84' lang='grc' dir='ltr'>ΙΙΙ.</span> <span class='ocrx_word' id='word_1_3' title='bbox 591 229 712 306; x_wconf 76' lang='lat' dir='ltr'>GAP·</span> <span class='ocrx_word' id='word_1_4' title='bbox 733 231 889 309; x_wconf 80' lang='lat' dir='ltr'>lt-te.</span> <span class='ocrx_word' id='word_1_5' title='bbox 1092 235 1160 310; x_wconf 70' lang='grc'>148</span> 
     </span>
    </p>
   </div>
   <div class='ocr_carea' id='block_1_2' title="bbox 4 417 1305 3201">
    <p class='ocr_par' dir='ltr' id='par_1_2' title="bbox 4 417 1305 3201">
     <span class='ocr_line' id='line_1_2' title="bbox 85 417 1206 518; baseline -0.001 -21"><span class='ocrx_word' id='word_1_6' title='bbox 85 433 188 517; x_wconf 84' lang='lat' dir='ltr'>oepte</span> <span class='ocrx_word' id='word_1_7' title='bbox 206 423 426 516; x_wconf 60' lang='lat' dir='ltr'>quinquages</span> <span class='ocrx_word' id='word_1_8' title='bbox 443 419 602 492; x_wconf 83' lang='lat' dir='ltr'>sestertio</span> <span class='ocrx_word' id='word_1_9' title='bbox 619 419 655 488; x_wconf 86' lang='lat' dir='ltr'>iu</span> <span class='ocrx_word' id='word_1_10' title='bbox 673 417 786 518; x_wconf 60' lang='lat' dir='ltr'>Mem</span> <span class='ocrx_word' id='word_1_11' title='bbox 808 441 911 492; x_wconf 74' lang='lat' dir='ltr'>meos</span> <span class='ocrx_word' id='word_1_12' title='bbox 936 423 1206 512; x_wconf 66' lang='lat' dir='ltr'>mmmmm</span> 
     </span>
     <span class='ocr_line' id='line_1_3' title="bbox 87 523 1159 614; baseline -0.002 -14"><span class='ocrx_word' id='word_1_13' title='bbox 87 551 246 600; x_wconf 85' lang='lat' dir='ltr'>oouoessn</span> <span class='ocrx_word' id='word_1_14' title='bbox 281 528 463 598; x_wconf 86' lang='lat' dir='ltr'>Planoinue</span> <span class='ocrx_word' id='word_1_15' title='bbox 497 523 728 594; x_wconf 70' lang='lat' dir='ltr'>incolumitate</span> <span class='ocrx_word' id='word_1_16' title='bbox 755 524 799 592; x_wconf 86' lang='lat' dir='ltr'>ob</span> <span class='ocrx_word' id='word_1_17' title='bbox 825 545 941 614; x_wconf 81' lang='lat' dir='ltr'>preoes</span> <span class='ocrx_word' id='word_1_18' title='bbox 966 526 1159 614; x_wconf 69' lang='lat' dir='ltr'>Augustae.</span> 
     </span>
     <span class='ocr_line' id='line_1_4' title="bbox 86 627 1157 722; baseline -0.002 -20"><span class='ocrx_word' id='word_1_19' title='bbox 86 638 144 706; x_wconf 86' lang='lat'>18.</span> <span class='ocrx_word' id='word_1_20' title='bbox 171 633 279 716; x_wconf 76' lang='lat' dir='ltr'>Multa</span> <span class='ocrx_word' id='word_1_21' title='bbox 303 653 342 700; x_wconf 86' lang='lat' dir='ltr'>ex</span> <span class='ocrx_word' id='word_1_22' title='bbox 365 653 406 700; x_wconf 86' lang='lat' dir='ltr'>ea</span> <span class='ocrx_word' id='word_1_23' title='bbox 426 629 592 698; x_wconf 82' lang='lat' dir='ltr'>sententia</span> <span class='ocrx_word' id='word_1_24' title='bbox 609 627 764 714; x_wconf 76' lang='lat' dir='ltr'>mitigem</span> <span class='ocrx_word' id='word_1_25' title='bbox 786 637 865 697; x_wconf 84' lang='lat' dir='ltr'>suut</span> <span class='ocrx_word' id='word_1_26' title='bbox 884 651 902 694; x_wconf 91' lang='lat' dir='ltr'>a</span> <span class='ocrx_word' id='word_1_27' title='bbox 918 630 1086 722; x_wconf 79' lang='lat' dir='ltr'>prinoipe:</span> <span class='ocrx_word' id='word_1_28' title='bbox 1115 655 1157 700; x_wconf 85' lang='lat' dir='ltr'>ne</span> 
     </span>
     <span class='ocr_line' id='line_1_5' title="bbox 84 729 1159 821; baseline -0.004 -15"><span class='ocrx_word' id='word_1_29' title='bbox 84 759 204 808; x_wconf 84' lang='lat' dir='ltr'>nemer</span> <span class='ocrx_word' id='word_1_30' title='bbox 227 732 361 806; x_wconf 85' lang='lat' dir='ltr'>Pisonis</span> <span class='ocrx_word' id='word_1_31' title='bbox 380 733 480 800; x_wconf 79' lang='lat' dir='ltr'>lestis</span> <span class='ocrx_word' id='word_1_32' title='bbox 501 732 719 813; x_wconf 73' lang='lat' dir='ltr'>eximeretur,</span> <span class='ocrx_word' id='word_1_33' title='bbox 740 729 871 820; x_wconf 80' lang='lat' dir='ltr'>quaudo</span> <span class='ocrx_word' id='word_1_34' title='bbox 885 731 990 800; x_wconf 85' lang='lat' dir='ltr'>llarei</span> <span class='ocrx_word' id='word_1_35' title='bbox 1002 733 1159 821; x_wconf 75' lang='lat' dir='ltr'>Antonii,</span> 
     </span>
     <span class='ocr_line' id='line_1_6' title="bbox 84 833 1160 930; baseline -0.003 -21"><span class='ocrx_word' id='word_1_36' title='bbox 84 842 143 930; x_wconf 85' lang='lat' dir='ltr'>qui</span> <span class='ocrx_word' id='word_1_37' title='bbox 157 839 283 912; x_wconf 74' lang='lat' dir='ltr'>henum</span> <span class='ocrx_word' id='word_1_38' title='bbox 296 837 427 927; x_wconf 83' lang='lat' dir='ltr'>petriae</span> <span class='ocrx_word' id='word_1_39' title='bbox 443 836 591 917; x_wconf 80' lang='lat' dir='ltr'>ioeisset,</span> <span class='ocrx_word' id='word_1_40' title='bbox 610 835 679 904; x_wconf 83' lang='lat' dir='ltr'>loli</span> <span class='ocrx_word' id='word_1_41' title='bbox 692 834 846 916; x_wconf 85' lang='lat' dir='ltr'>Antonii,</span> <span class='ocrx_word' id='word_1_42' title='bbox 862 835 921 922; x_wconf 86' lang='lat' dir='ltr'>qui</span> <span class='ocrx_word' id='word_1_43' title='bbox 935 833 1069 904; x_wconf 84' lang='lat' dir='ltr'>domurn</span> <span class='ocrx_word' id='word_1_44' title='bbox 1081 837 1160 906; x_wconf 74' lang='lat' dir='ltr'>s·-</span> 
     </span>
     <span class='ocr_line' id='line_1_7' title="bbox 85 933 1231 1031; baseline -0.001 -20"><span class='ocrx_word' id='word_1_45' title='bbox 85 944 177 1031; x_wconf 70' lang='lat' dir='ltr'>gusti</span> <span class='ocrx_word' id='word_1_46' title='bbox 197 943 375 1022; x_wconf 80' lang='lat' dir='ltr'>violasset,</span> <span class='ocrx_word' id='word_1_47' title='bbox 404 945 584 1010; x_wconf 84' lang='lat' dir='ltr'>manerent.</span> <span class='ocrx_word' id='word_1_48' title='bbox 626 937 833 1006; x_wconf 82' lang='lat' dir='ltr'>Etllaroum</span> <span class='ocrx_word' id='word_1_49' title='bbox 847 936 1003 1006; x_wconf 78' lang='lat' dir='ltr'>Pisonem</span> <span class='ocrx_word' id='word_1_50' title='bbox 1017 940 1159 1025; x_wconf 70' lang='lat' dir='ltr'>ignomi-</span> <span class='ocrx_word' id='word_1_51' title='bbox 1230 933 1231 938; x_wconf 55' lang='grc'>’</span> 
     </span>
     <span class='ocr_line' id='line_1_8' title="bbox 85 1037 1159 1130; baseline -0.006 -14"><span class='ocrx_word' id='word_1_52' title='bbox 85 1049 160 1116; x_wconf 87' lang='lat' dir='ltr'>niae</span> <span class='ocrx_word' id='word_1_53' title='bbox 182 1045 322 1124; x_wconf 78' lang='lat' dir='ltr'>exemit,</span> <span class='ocrx_word' id='word_1_54' title='bbox 346 1043 575 1130; x_wconf 84' lang='lat' dir='ltr'>conoessitque</span> <span class='ocrx_word' id='word_1_55' title='bbox 598 1040 630 1108; x_wconf 91' lang='lat' dir='ltr'>ei</span> <span class='ocrx_word' id='word_1_56' title='bbox 647 1047 787 1128; x_wconf 89' lang='lat' dir='ltr'>patema</span> <span class='ocrx_word' id='word_1_57' title='bbox 805 1037 910 1123; x_wconf 83' lang='lat' dir='ltr'>bone,</span> <span class='ocrx_word' id='word_1_58' title='bbox 931 1041 1016 1110; x_wconf 83' lang='lat' dir='ltr'>satia</span> <span class='ocrx_word' id='word_1_59' title='bbox 1030 1044 1159 1127; x_wconf 77' lang='lat' dir='ltr'>firmus,</span> 
     </span>
     <span class='ocr_line' id='line_1_9' title="bbox 86 1143 1160 1238; baseline 0.001 -22"><span class='ocrx_word' id='word_1_60' title='bbox 86 1157 125 1216; x_wconf 93' lang='lat' dir='ltr'>ut</span> <span class='ocrx_word' id='word_1_61' title='bbox 137 1169 239 1237; x_wconf 86' lang='lat' dir='ltr'>saepe</span> <span class='ocrx_word' id='word_1_62' title='bbox 256 1145 453 1225; x_wconf 75' lang='lat' dir='ltr'>memorari,</span> <span class='ocrx_word' id='word_1_63' title='bbox 472 1143 648 1211; x_wconf 83' lang='lat' dir='ltr'>adversum</span> <span class='ocrx_word' id='word_1_64' title='bbox 664 1144 856 1234; x_wconf 79' lang='lat' dir='ltr'>pecuniam,</span> <span class='ocrx_word' id='word_1_65' title='bbox 884 1151 920 1212; x_wconf 87' lang='lat' dir='ltr'>et</span> <span class='ocrx_word' id='word_1_66' title='bbox 941 1153 1011 1214; x_wconf 88' lang='lat' dir='ltr'>tum</span> <span class='ocrx_word' id='word_1_67' title='bbox 1030 1147 1160 1238; x_wconf 81' lang='lat' dir='ltr'>pudere</span> 
     </span>
     <span class='ocr_line' id='line_1_10' title="bbox 86 1245 1160 1338; baseline 0.001 -19"><span class='ocrx_word' id='word_1_68' title='bbox 86 1252 264 1318; x_wconf 73' lang='lat' dir='ltr'>absolutae</span> <span class='ocrx_word' id='word_1_69' title='bbox 284 1245 463 1316; x_wconf 82' lang='lat' dir='ltr'>Plancinae</span> <span class='ocrx_word' id='word_1_70' title='bbox 481 1247 689 1338; x_wconf 72' lang='lat' dir='ltr'><strong>placabilior.</strong></span> <span class='ocrx_word' id='word_1_71' title='bbox 731 1247 849 1336; x_wconf 83' lang='lat' dir='ltr'>Atque</span> <span class='ocrx_word' id='word_1_72' title='bbox 865 1246 973 1332; x_wconf 85' lang='lat' dir='ltr'>idem,</span> <span class='ocrx_word' id='word_1_73' title='bbox 999 1271 1074 1318; x_wconf 85' lang='lat' dir='ltr'>eum</span> <span class='ocrx_word' id='word_1_74' title='bbox 1087 1251 1160 1320; x_wconf 78' lang='lat' dir='ltr'>vn-</span> 
     </span>
     <span class='ocr_line' id='line_1_11' title="bbox 85 1349 1160 1438; baseline 0.001 -16"><span class='ocrx_word' id='word_1_75' title='bbox 85 1355 192 1422; x_wconf 85' lang='lat' dir='ltr'>leriue</span> <span class='ocrx_word' id='word_1_76' title='bbox 213 1351 416 1420; x_wconf 84' lang='lat' dir='ltr'>Messalinus</span> <span class='ocrx_word' id='word_1_77' title='bbox 438 1349 569 1436; x_wconf 68' lang='lat' dir='ltr'>siguum</span> <span class='ocrx_word' id='word_1_78' title='bbox 591 1350 776 1418; x_wconf 75' lang='lat' dir='ltr'>aureamin</span> <span class='ocrx_word' id='word_1_79' title='bbox 796 1350 1160 1438; x_wconf 82' lang='lat' dir='ltr'>sedellertisultoris,</span> 
     </span>
     <span class='ocr_line' id='line_1_12' title="bbox 85 1452 1161 1544; baseline -0.001 -16"><span class='ocrx_word' id='word_1_80' title='bbox 85 1457 230 1528; x_wconf 78' lang='lat' dir='ltr'>caeeine</span> <span class='ocrx_word' id='word_1_81' title='bbox 259 1455 405 1524; x_wconf 85' lang='lat' dir='ltr'>Sereme</span> <span class='ocrx_word' id='word_1_82' title='bbox 430 1473 522 1520; x_wconf 87' lang='lat' dir='ltr'>aram</span> <span class='ocrx_word' id='word_1_83' title='bbox 547 1453 670 1522; x_wconf 83' lang='lat' dir='ltr'>ultioni</span> <span class='ocrx_word' id='word_1_84' title='bbox 698 1452 910 1522; x_wconf 81' lang='lat' dir='ltr'>statuendam</span> <span class='ocrx_word' id='word_1_85' title='bbox 939 1455 1161 1544; x_wconf 74' lang='lat' dir='ltr'>ieneuiesert,</span> 
     </span>
     <span class='ocr_line' id='line_1_13' title="bbox 86 1555 1162 1649; baseline 0.002 -21"><span class='ocrx_word' id='word_1_86' title='bbox 86 1560 274 1649; x_wconf 84' lang='lat' dir='ltr'>prohibuit,</span> <span class='ocrx_word' id='word_1_87' title='bbox 301 1557 344 1625; x_wconf 81' lang='lat' dir='ltr'>uh</span> <span class='ocrx_word' id='word_1_88' title='bbox 365 1563 519 1624; x_wconf 81' lang='lat' dir='ltr'>externae</span> <span class='ocrx_word' id='word_1_89' title='bbox 532 1577 571 1623; x_wconf 83' lang='lat' dir='ltr'>sa</span> <span class='ocrx_word' id='word_1_90' title='bbox 592 1555 752 1624; x_wconf 79' lang='lat' dir='ltr'>vietorias</span> <span class='ocrx_word' id='word_1_91' title='bbox 765 1555 1080 1642; x_wconf 80' lang='lat' dir='ltr'>enorsridiotltaus,</span> <span class='ocrx_word' id='word_1_92' title='bbox 1100 1560 1162 1630; x_wconf 81' lang='lat' dir='ltr'>de-</span> 
     </span>
     <span class='ocr_line' id='line_1_14' title="bbox 87 1656 1161 1748; baseline 0.001 -18"><span class='ocrx_word' id='word_1_93' title='bbox 87 1665 227 1732; x_wconf 84' lang='lat' dir='ltr'>mestiea</span> <span class='ocrx_word' id='word_1_94' title='bbox 249 1661 338 1730; x_wconf 87' lang='lat' dir='ltr'>mala</span> <span class='ocrx_word' id='word_1_95' title='bbox 356 1660 498 1728; x_wconf 87' lang='lat' dir='ltr'>tristitia</span> <span class='ocrx_word' id='word_1_96' title='bbox 518 1656 712 1748; x_wconf 75' lang='lat' dir='ltr'>operientia.</span> <span class='ocrx_word' id='word_1_97' title='bbox 753 1656 946 1726; x_wconf 75' lang='lat' dir='ltr'>Addiderat</span> <span class='ocrx_word' id='word_1_98' title='bbox 956 1660 1161 1731; x_wconf 71' lang='lat' dir='ltr'>Messalinus</span> 
     </span>
     <span class='ocr_line' id='line_1_15' title="bbox 86 1761 1160 1856; baseline 0.001 -23"><span class='ocrx_word' id='word_1_99' title='bbox 86 1766 228 1833; x_wconf 82' lang='lat' dir='ltr'>Tiberio</span> <span class='ocrx_word' id='word_1_100' title='bbox 243 1773 278 1832; x_wconf 87' lang='lat' dir='ltr'>st</span> <span class='ocrx_word' id='word_1_101' title='bbox 290 1763 470 1851; x_wconf 73' lang='lat' dir='ltr'>Augustas</span> <span class='ocrx_word' id='word_1_102' title='bbox 482 1769 518 1828; x_wconf 89' lang='lat' dir='ltr'>et</span> <span class='ocrx_word' id='word_1_103' title='bbox 530 1762 698 1829; x_wconf 80' lang='lat' dir='ltr'>Antoniae</span> <span class='ocrx_word' id='word_1_104' title='bbox 709 1767 745 1827; x_wconf 88' lang='lat' dir='ltr'>et</span> <span class='ocrx_word' id='word_1_105' title='bbox 758 1761 968 1850; x_wconf 77' lang='lat' dir='ltr'>Agrippinae</span> <span class='ocrx_word' id='word_1_106' title='bbox 978 1762 1160 1856; x_wconf 75' lang='lat' dir='ltr'>Drusoque</span> 
     </span>
     <span class='ocr_line' id='line_1_16' title="bbox 87 1862 1159 1957; baseline -0.001 -21"><span class='ocrx_word' id='word_1_107' title='bbox 87 1871 133 1936; x_wconf 86' lang='lat' dir='ltr'>ob</span> <span class='ocrx_word' id='word_1_108' title='bbox 162 1865 337 1936; x_wconf 81' lang='lat' dir='ltr'>vindiotem</span> <span class='ocrx_word' id='word_1_109' title='bbox 367 1865 556 1936; x_wconf 84' lang='lat' dir='ltr'>Germanioi</span> <span class='ocrx_word' id='word_1_110' title='bbox 585 1871 700 1952; x_wconf 72' lang='lat' dir='ltr'>grates</span> <span class='ocrx_word' id='word_1_111' title='bbox 727 1862 892 1950; x_wconf 76' lang='lat' dir='ltr'>agendae,</span> <span class='ocrx_word' id='word_1_112' title='bbox 934 1865 1159 1957; x_wconf 80' lang='lat' dir='ltr'>omiseratque</span> 
     </span>
     <span class='ocr_line' id='line_1_17' title="bbox 88 1966 1160 2057; baseline 0.003 -19"><span class='ocrx_word' id='word_1_113' title='bbox 88 1969 225 2044; x_wconf 74' lang='lat' dir='ltr'>Claudii</span> <span class='ocrx_word' id='word_1_114' title='bbox 257 1971 467 2040; x_wconf 85' lang='lat' dir='ltr'>mentionem.</span> <span class='ocrx_word' id='word_1_115' title='bbox 531 1966 579 2035; x_wconf 86' lang='lat' dir='ltr'>Et</span> <span class='ocrx_word' id='word_1_116' title='bbox 615 1967 833 2034; x_wconf 83' lang='lat' dir='ltr'>Messalinum</span> <span class='ocrx_word' id='word_1_117' title='bbox 864 1967 999 2057; x_wconf 79' lang='lat' dir='ltr'>quidem</span> <span class='ocrx_word' id='word_1_118' title='bbox 1033 1970 1160 2040; x_wconf 71' lang='lat' dir='ltr'>lucius</span> 
     </span>
     <span class='ocr_line' id='line_1_18' title="bbox 88 2075 1305 2164; baseline 0 -20"><span class='ocrx_word' id='word_1_119' title='bbox 88 2077 265 2164; x_wconf 87' lang='lat' dir='ltr'>Asprenas</span> <span class='ocrx_word' id='word_1_120' title='bbox 287 2082 406 2142; x_wconf 83' lang='lat' dir='ltr'>senatu</span> <span class='ocrx_word' id='word_1_121' title='bbox 434 2091 546 2142; x_wconf 85' lang='lat' dir='ltr'>eorem</span> <span class='ocrx_word' id='word_1_122' title='bbox 573 2077 810 2161; x_wconf 80' lang='lat' dir='ltr'>perouuotatus</span> <span class='ocrx_word' id='word_1_123' title='bbox 834 2081 919 2151; x_wconf 64' lang='lat' dir='ltr'>eet,</span> <span class='ocrx_word' id='word_1_124' title='bbox 944 2093 987 2141; x_wconf 83' lang='lat' dir='ltr'>au</span> <span class='ocrx_word' id='word_1_125' title='bbox 1011 2075 1159 2164; x_wconf 82' lang='lat' dir='ltr'>pmdeue</span> <span class='ocrx_word' id='word_1_126' title='bbox 1300 2083 1305 2092; x_wconf 87' lang='lat'><em>&#39;</em></span> 
     </span>
     <span class='ocr_line' id='line_1_19' title="bbox 4 2172 1158 2268; baseline 0.003 -22"><span class='ocrx_word' id='word_1_127' title='bbox 4 2217 5 2260; x_wconf 61' lang='lat'>3</span> <span class='ocrx_word' id='word_1_128' title='bbox 88 2179 322 2268; x_wconf 82' lang='lat' dir='ltr'>praeterisset3</span> <span class='ocrx_word' id='word_1_129' title='bbox 358 2195 398 2244; x_wconf 82' lang='lat' dir='ltr'>so</span> <span class='ocrx_word' id='word_1_130' title='bbox 415 2181 488 2242; x_wconf 88' lang='lat' dir='ltr'>tum</span> <span class='ocrx_word' id='word_1_131' title='bbox 508 2172 640 2241; x_wconf 81' lang='lat' dir='ltr'>demum</span> <span class='ocrx_word' id='word_1_132' title='bbox 661 2195 779 2248; x_wconf 79' lang='lat' dir='ltr'>nomen</span> <span class='ocrx_word' id='word_1_133' title='bbox 798 2173 932 2245; x_wconf 82' lang='lat' dir='ltr'>Cluudii</span> <span class='ocrx_word' id='word_1_134' title='bbox 951 2176 1158 2267; x_wconf 77' lang='lat' dir='ltr'>adscriptum</span> 
     </span>
     <span class='ocr_line' id='line_1_20' title="bbox 89 2279 1159 2368; baseline 0.002 -20"><span class='ocrx_word' id='word_1_135' title='bbox 89 2289 151 2352; x_wconf 88' lang='lat' dir='ltr'>eet.</span> <span class='ocrx_word' id='word_1_136' title='bbox 191 2281 295 2364; x_wconf 85' lang='lat' dir='ltr'>Mihi,</span> <span class='ocrx_word' id='word_1_137' title='bbox 323 2285 449 2368; x_wconf 83' lang='lat' dir='ltr'>quanto</span> <span class='ocrx_word' id='word_1_138' title='bbox 467 2279 566 2366; x_wconf 87' lang='lat' dir='ltr'>plura</span> <span class='ocrx_word' id='word_1_139' title='bbox 578 2279 758 2344; x_wconf 79' lang='lat' dir='ltr'>recentium</span> <span class='ocrx_word' id='word_1_140' title='bbox 774 2299 835 2346; x_wconf 91' lang='lat' dir='ltr'>seu</span> <span class='ocrx_word' id='word_1_141' title='bbox 850 2287 998 2348; x_wconf 86' lang='lat' dir='ltr'>veterum</span> <span class='ocrx_word' id='word_1_142' title='bbox 1011 2285 1159 2367; x_wconf 79' lang='lat' dir='ltr'>revolvo,</span> 
     </span>
     <span class='ocr_line' id='line_1_21' title="bbox 88 2379 1159 2473; baseline 0.004 -21"><span class='ocrx_word' id='word_1_143' title='bbox 88 2391 182 2452; x_wconf 83' lang='lat' dir='ltr'>tauto</span> <span class='ocrx_word' id='word_1_144' title='bbox 203 2385 310 2470; x_wconf 78' lang='lat' dir='ltr'>magis</span> <span class='ocrx_word' id='word_1_145' title='bbox 331 2379 479 2448; x_wconf 84' lang='lat' dir='ltr'>ludibria</span> <span class='ocrx_word' id='word_1_146' title='bbox 491 2401 602 2448; x_wconf 84' lang='lat' dir='ltr'>remur</span> <span class='ocrx_word' id='word_1_147' title='bbox 616 2383 807 2449; x_wconf 79' lang='lat' dir='ltr'>mortalium</span> <span class='ocrx_word' id='word_1_148' title='bbox 823 2385 951 2452; x_wconf 85' lang='lat' dir='ltr'>eunetis</span> <span class='ocrx_word' id='word_1_149' title='bbox 964 2385 1000 2452; x_wconf 89' lang='lat' dir='ltr'>in</span> <span class='ocrx_word' id='word_1_150' title='bbox 1014 2388 1159 2473; x_wconf 81' lang='lat' dir='ltr'>negotiis</span> 
     </span>
     <span class='ocr_line' id='line_1_22' title="bbox 88 2484 1159 2576; baseline 0.002 -20"><span class='ocrx_word' id='word_1_151' title='bbox 88 2487 319 2558; x_wconf 80' lang='lat' dir='ltr'>obversantur.</span> <span class='ocrx_word' id='word_1_152' title='bbox 349 2484 585 2575; x_wconf 85' lang='lat' dir='ltr'>quippsiamo,</span> <span class='ocrx_word' id='word_1_153' title='bbox 604 2507 675 2576; x_wconf 87' lang='lat' dir='ltr'>spo,</span> <span class='ocrx_word' id='word_1_154' title='bbox 695 2485 905 2554; x_wconf 83' lang='lat' dir='ltr'>veneratione</span> <span class='ocrx_word' id='word_1_155' title='bbox 917 2488 1029 2573; x_wconf 84' lang='lat' dir='ltr'>potius</span> <span class='ocrx_word' id='word_1_156' title='bbox 1044 2507 1159 2558; x_wconf 81' lang='lat' dir='ltr'>omnes</span> 
     </span>
     <span class='ocr_line' id='line_1_23' title="bbox 88 2587 1158 2680; baseline 0.001 -23"><span class='ocrx_word' id='word_1_157' title='bbox 88 2589 343 2658; x_wconf 76' lang='lat' dir='ltr'>destinabantur</span> <span class='ocrx_word' id='word_1_158' title='bbox 362 2587 519 2678; x_wconf 90' lang='lat' dir='ltr'>imperio,</span> <span class='ocrx_word' id='word_1_159' title='bbox 547 2612 645 2678; x_wconf 87' lang='lat' dir='ltr'>quam</span> <span class='ocrx_word' id='word_1_160' title='bbox 672 2609 770 2677; x_wconf 84' lang='lat' dir='ltr'>quem</span> <span class='ocrx_word' id='word_1_161' title='bbox 797 2587 946 2656; x_wconf 82' lang='lat' dir='ltr'>futurum</span> <span class='ocrx_word' id='word_1_162' title='bbox 974 2590 1158 2680; x_wconf 85' lang='lat' dir='ltr'>prinoipem</span> 
     </span>
     <span class='ocr_line' id='line_1_24' title="bbox 86 2689 1160 2779; baseline 0.001 -19"><span class='ocrx_word' id='word_1_163' title='bbox 86 2694 221 2762; x_wconf 84' lang='lat' dir='ltr'>fortuna</span> <span class='ocrx_word' id='word_1_164' title='bbox 242 2691 276 2758; x_wconf 89' lang='lat' dir='ltr'>in</span> <span class='ocrx_word' id='word_1_165' title='bbox 294 2691 425 2758; x_wconf 87' lang='lat' dir='ltr'>oeculto</span> <span class='ocrx_word' id='word_1_166' title='bbox 443 2691 589 2762; x_wconf 88' lang='lat' dir='ltr'>tenebat.</span> <span class='ocrx_word' id='word_1_167' title='bbox 634 2695 687 2760; x_wconf 84' lang='lat'>19.</span> <span class='ocrx_word' id='word_1_168' title='bbox 713 2689 835 2760; x_wconf 82' lang='lat' dir='ltr'>Peneis</span> <span class='ocrx_word' id='word_1_169' title='bbox 848 2698 926 2779; x_wconf 88' lang='lat' dir='ltr'>poet</span> <span class='ocrx_word' id='word_1_170' title='bbox 941 2691 1058 2760; x_wconf 83' lang='lat' dir='ltr'>diebus</span> <span class='ocrx_word' id='word_1_171' title='bbox 1074 2693 1160 2763; x_wconf 86' lang='lat' dir='ltr'>Cae-</span> 
     </span>
     <span class='ocr_line' id='line_1_25' title="bbox 87 2790 1162 2878; baseline 0.003 -13"><span class='ocrx_word' id='word_1_172' title='bbox 87 2819 145 2865; x_wconf 87' lang='lat' dir='ltr'>sar</span> <span class='ocrx_word' id='word_1_173' title='bbox 163 2802 281 2864; x_wconf 85' lang='lat' dir='ltr'>euotor</span> <span class='ocrx_word' id='word_1_174' title='bbox 300 2791 431 2861; x_wconf 87' lang='lat' dir='ltr'>senatui</span> <span class='ocrx_word' id='word_1_175' title='bbox 450 2793 516 2860; x_wconf 82' lang='lat' dir='ltr'>fuit</span> <span class='ocrx_word' id='word_1_176' title='bbox 529 2793 671 2862; x_wconf 84' lang='lat' dir='ltr'>Vitellio</span> <span class='ocrx_word' id='word_1_177' title='bbox 691 2797 791 2878; x_wconf 84' lang='lat' dir='ltr'>etque</span> <span class='ocrx_word' id='word_1_178' title='bbox 807 2790 954 2861; x_wconf 82' lang='lat' dir='ltr'>Veranio</span> <span class='ocrx_word' id='word_1_179' title='bbox 967 2801 1002 2862; x_wconf 91' lang='lat' dir='ltr'>et</span> <span class='ocrx_word' id='word_1_180' title='bbox 1014 2793 1162 2868; x_wconf 85' lang='lat' dir='ltr'>Servaeo</span> 
     </span>
     <span class='ocr_line' id='line_1_26' title="bbox 85 2893 1162 2994; baseline 0.004 -28"><span class='ocrx_word' id='word_1_181' title='bbox 85 2898 274 2966; x_wconf 74' lang='lat' dir='ltr'>sacerdotia</span> <span class='ocrx_word' id='word_1_182' title='bbox 287 2893 467 2966; x_wconf 77' lang='lat' dir='ltr'>tribuendi.</span> <span class='ocrx_word' id='word_1_183' title='bbox 507 2895 660 2963; x_wconf 82' lang='lat' dir='ltr'>Fulcinio</span> <span class='ocrx_word' id='word_1_184' title='bbox 674 2893 867 2980; x_wconf 76' lang='lat' dir='ltr'>suffragium</span> <span class='ocrx_word' id='word_1_185' title='bbox 882 2897 924 2964; x_wconf 82' lang='lat' dir='ltr'>ad</span> <span class='ocrx_word' id='word_1_186' title='bbox 935 2897 1162 2994; x_wconf 86' lang='lat' dir='ltr'>honorespol·</span> 
     </span>
     <span class='ocr_line' id='line_1_27' title="bbox 86 2995 1162 3092; baseline 0.006 -22"><span class='ocrx_word' id='word_1_187' title='bbox 86 3001 203 3070; x_wconf 81' lang='lat' dir='ltr'>licitos</span> <span class='ocrx_word' id='word_1_188' title='bbox 226 2999 369 3082; x_wconf 87' lang='lat' dir='ltr'>monuit,</span> <span class='ocrx_word' id='word_1_189' title='bbox 393 3021 434 3068; x_wconf 89' lang='lat' dir='ltr'>ne</span> <span class='ocrx_word' id='word_1_190' title='bbox 453 2997 641 3068; x_wconf 79' lang='lat' dir='ltr'>seeundinm</span> <span class='ocrx_word' id='word_1_191' title='bbox 662 2995 818 3066; x_wconf 84' lang='lat' dir='ltr'>violentia</span> <span class='ocrx_word' id='word_1_192' title='bbox 833 3002 1083 3092; x_wconf 82' lang='lat' dir='ltr'>praeeipitarel.</span> <span class='ocrx_word' id='word_1_193' title='bbox 1124 3005 1162 3076; x_wconf 86' lang='lat' dir='ltr'>le</span> 
     </span>
     <span class='ocr_line' id='line_1_28' title="bbox 86 3101 1161 3201; baseline 0.006 -29"><span class='ocrx_word' id='word_1_194' title='bbox 86 3104 164 3174; x_wconf 83' lang='lat' dir='ltr'>linis</span> <span class='ocrx_word' id='word_1_195' title='bbox 185 3103 253 3172; x_wconf 85' lang='lat' dir='ltr'>luit</span> <span class='ocrx_word' id='word_1_196' title='bbox 274 3102 463 3172; x_wconf 84' lang='lat' dir='ltr'>uleisoenda</span> <span class='ocrx_word' id='word_1_197' title='bbox 485 3101 674 3174; x_wconf 83' lang='lat' dir='ltr'>Germanioi</span> <span class='ocrx_word' id='word_1_198' title='bbox 698 3109 823 3190; x_wconf 84' lang='lat' dir='ltr'>morte,</span> <span class='ocrx_word' id='word_1_199' title='bbox 856 3125 923 3175; x_wconf 91' lang='lat' dir='ltr'>nen</span> <span class='ocrx_word' id='word_1_200' title='bbox 946 3105 1045 3176; x_wconf 84' lang='lat' dir='ltr'>modo</span> <span class='ocrx_word' id='word_1_201' title='bbox 1071 3108 1161 3201; x_wconf 77' lang='lat' dir='ltr'>opud</span> 
     </span>
    </p>
   </div>
   <div class='ocr_carea' id='block_1_3' title="bbox 150 3275 804 3348">
    <p class='ocr_par' dir='ltr' id='par_1_3' title="bbox 150 3275 804 3348">
     <span class='ocr_line' id='line_1_29' title="bbox 150 3275 804 3348; baseline -0.003 -12"><span class='ocrx_word' id='word_1_202' title='bbox 150 3280 183 3336; x_wconf 82' lang='lat' dir='ltr'>c.</span> <span class='ocrx_word' id='word_1_203' title='bbox 199 3283 244 3336; x_wconf 84' lang='lat'>17.</span> <span class='ocrx_word' id='word_1_204' title='bbox 277 3281 463 3348; x_wconf 77' lang='lat' dir='ltr'>releporetor</span> <span class='ocrx_word' id='word_1_205' title='bbox 479 3275 554 3345; x_wconf 77' lang='lat' dir='ltr'>lips.</span> <span class='ocrx_word' id='word_1_206' title='bbox 587 3279 732 3348; x_wconf 59' lang='lat' dir='ltr'>retinetur</span> <span class='ocrx_word' id='word_1_207' title='bbox 748 3281 804 3334; x_wconf 77' lang='lat' dir='ltr'>Ms-</span> 
     </span>
    </p>
   </div>
   <div class='ocr_carea' id='block_1_4' title="bbox 82 3447 1162 4138">
    <p class='ocr_par' dir='ltr' id='par_1_4' title="bbox 82 3447 1162 3932">
     <span class='ocr_line' id='line_1_30' title="bbox 138 3447 1160 3520; baseline 0.002 -18"><span class='ocrx_word' id='word_1_208' title='bbox 138 3447 322 3520; x_wconf 74' lang='lat' dir='ltr'>qutnpuapiee</span> <span class='ocrx_word' id='word_1_209' title='bbox 333 3447 486 3510; x_wconf 68' lang='lat' dir='ltr'>sestertio]</span> <span class='ocrx_word' id='word_1_210' title='bbox 509 3453 603 3502; x_wconf 78' lang='lat' dir='ltr'>lione-</span> <span class='ocrx_word' id='word_1_211' title='bbox 645 3463 682 3504; x_wconf 82' lang='lat' dir='ltr'>uo</span> <span class='ocrx_word' id='word_1_212' title='bbox 694 3449 794 3502; x_wconf 85' lang='lat' dir='ltr'>locutio</span> <span class='ocrx_word' id='word_1_213' title='bbox 806 3453 873 3504; x_wconf 79' lang='lat' dir='ltr'>lauee</span> <span class='ocrx_word' id='word_1_214' title='bbox 886 3451 984 3504; x_wconf 75' lang='lat' dir='ltr'>inerter</span> <span class='ocrx_word' id='word_1_215' title='bbox 1006 3455 1085 3516; x_wconf 78' lang='lat' dir='ltr'>leque</span> <span class='ocrx_word' id='word_1_216' title='bbox 1097 3450 1160 3504; x_wconf 72' lang='lat' dir='ltr'>finis</span> 
     </span>
     <span class='ocr_line' id='line_1_31' title="bbox 86 3519 1160 3574; baseline 0 0"><span class='ocrx_word' id='word_1_217' title='bbox 86 3525 133 3574; x_wconf 86' lang='lat' dir='ltr'>teo</span> <span class='ocrx_word' id='word_1_218' title='bbox 150 3521 275 3574; x_wconf 71' lang='lat' dir='ltr'>Gellteee</span> <span class='ocrx_word' id='word_1_219' title='bbox 291 3519 382 3570; x_wconf 80' lang='lat' dir='ltr'>decies</span> <span class='ocrx_word' id='word_1_220' title='bbox 394 3527 508 3570; x_wconf 79' lang='lat' dir='ltr'>oontenn</span> <span class='ocrx_word' id='word_1_221' title='bbox 518 3521 604 3572; x_wconf 76' lang='lat' dir='ltr'>millis</span> <span class='ocrx_word' id='word_1_222' title='bbox 645 3524 807 3574; x_wconf 78' lang='lat' dir='ltr'>uotorum</span> <span class='ocrx_word' id='word_1_223' title='bbox 831 3521 866 3572; x_wconf 82' lang='lat' dir='ltr'>on</span> <span class='ocrx_word' id='word_1_224' title='bbox 886 3523 1069 3573; x_wconf 82' lang='lat' dir='ltr'>utolseenuem</span> <span class='ocrx_word' id='word_1_225' title='bbox 1087 3521 1160 3574; x_wconf 70' lang='lat' dir='ltr'>Ger·</span> 
     </span>
     <span class='ocr_line' id='line_1_32' title="bbox 86 3588 1161 3643; baseline 0.003 -3"><span class='ocrx_word' id='word_1_226' title='bbox 86 3591 225 3641; x_wconf 77' lang='lat' dir='ltr'>limarum.</span> <span class='ocrx_word' id='word_1_227' title='bbox 258 3591 352 3639; x_wconf 76' lang='lat' dir='ltr'>sense</span> <span class='ocrx_word' id='word_1_228' title='bbox 375 3588 455 3639; x_wconf 76' lang='lat' dir='ltr'>cens.</span> <span class='ocrx_word' id='word_1_229' title='bbox 470 3589 506 3638; x_wconf 77' lang='lat' dir='ltr'>orl</span> <span class='ocrx_word' id='word_1_230' title='bbox 521 3591 602 3642; x_wconf 71' lang='lat' dir='ltr'>flere.</span> <span class='ocrx_word' id='word_1_231' title='bbox 644 3589 874 3641; x_wconf 83' lang='lat' dir='ltr'>meulelrnortem.</span> <span class='ocrx_word' id='word_1_232' title='bbox 900 3589 980 3640; x_wconf 69' lang='lat' dir='ltr'>eluet</span> <span class='ocrx_word' id='word_1_233' title='bbox 1000 3589 1161 3643; x_wconf 73' lang='lat' dir='ltr'>leontion-</span> 
     </span>
     <span class='ocr_line' id='line_1_33' title="bbox 86 3657 1162 3726; baseline 0.001 -18"><span class='ocrx_word' id='word_1_234' title='bbox 86 3663 130 3709; x_wconf 83' lang='lat'>12.</span> <span class='ocrx_word' id='word_1_235' title='bbox 157 3659 201 3706; x_wconf 74' lang='lat' dir='ltr'>nlo</span> <span class='ocrx_word' id='word_1_236' title='bbox 220 3659 381 3721; x_wconf 78' lang='lat' dir='ltr'>temperem</span> <span class='ocrx_word' id='word_1_237' title='bbox 398 3657 521 3707; x_wconf 72' lang='lat' dir='ltr'>lumerto</span> <span class='ocrx_word' id='word_1_238' title='bbox 531 3669 603 3722; x_wconf 76' lang='lat' dir='ltr'>pro·</span> <span class='ocrx_word' id='word_1_239' title='bbox 644 3669 702 3708; x_wconf 86' lang='lat' dir='ltr'>rum</span> <span class='ocrx_word' id='word_1_240' title='bbox 717 3663 776 3706; x_wconf 85' lang='lat' dir='ltr'>eret</span> <span class='ocrx_word' id='word_1_241' title='bbox 786 3667 856 3718; x_wconf 81' lang='lat' dir='ltr'>queo</span> <span class='ocrx_word' id='word_1_242' title='bbox 868 3663 924 3708; x_wconf 79' lang='lat' dir='ltr'>tum</span> <span class='ocrx_word' id='word_1_243' title='bbox 938 3665 1000 3710; x_wconf 81' lang='lat' dir='ltr'>aete</span> <span class='ocrx_word' id='word_1_244' title='bbox 1013 3667 1085 3726; x_wconf 82' lang='lat' dir='ltr'>sont,</span> <span class='ocrx_word' id='word_1_245' title='bbox 1098 3671 1162 3716; x_wconf 72' lang='lat' dir='ltr'>eun</span> 
     </span>
     <span class='ocr_line' id='line_1_34' title="bbox 84 3723 1160 3790; baseline 0 -16"><span class='ocrx_word' id='word_1_246' title='bbox 84 3729 171 3790; x_wconf 78' lang='lat' dir='ltr'>lepra</span> <span class='ocrx_word' id='word_1_247' title='bbox 190 3728 253 3790; x_wconf 79' lang='lat' dir='ltr'>est,</span> <span class='ocrx_word' id='word_1_248' title='bbox 282 3727 316 3776; x_wconf 81' lang='lat' dir='ltr'>ot</span> <span class='ocrx_word' id='word_1_249' title='bbox 341 3727 460 3776; x_wconf 82' lang='lat' dir='ltr'>motare</span> <span class='ocrx_word' id='word_1_250' title='bbox 481 3727 603 3778; x_wconf 78' lang='lat' dir='ltr'>olett—</span> <span class='ocrx_word' id='word_1_251' title='bbox 645 3723 797 3778; x_wconf 73' lang='lat' dir='ltr'>Germanioi</span> <span class='ocrx_word' id='word_1_252' title='bbox 817 3735 890 3775; x_wconf 84' lang='lat' dir='ltr'>murs</span> <span class='ocrx_word' id='word_1_253' title='bbox 913 3725 1069 3780; x_wconf 69' lang='lat' dir='ltr'>ulciscendo</span> <span class='ocrx_word' id='word_1_254' title='bbox 1091 3733 1160 3782; x_wconf 66' lang='lat' dir='ltr'>om</span> 
     </span>
     <span class='ocr_line' id='line_1_35' title="bbox 83 3791 1160 3868; baseline 0.006 -22"><span class='ocrx_word' id='word_1_255' title='bbox 83 3807 165 3846; x_wconf 81' lang='lat' dir='ltr'>eum</span> <span class='ocrx_word' id='word_1_256' title='bbox 182 3795 329 3846; x_wconf 70' lang='lat' dir='ltr'>soecos·</span> <span class='ocrx_word' id='word_1_257' title='bbox 352 3795 406 3846; x_wconf 79' lang='lat' dir='ltr'>eit</span> <span class='ocrx_word' id='word_1_258' title='bbox 429 3807 514 3860; x_wconf 75' lang='lat' dir='ltr'>onam</span> <span class='ocrx_word' id='word_1_259' title='bbox 534 3796 603 3849; x_wconf 78' lang='lat' dir='ltr'>oller</span> <span class='ocrx_word' id='word_1_260' title='bbox 645 3797 719 3846; x_wconf 82' lang='lat' dir='ltr'>luem</span> <span class='ocrx_word' id='word_1_261' title='bbox 743 3791 921 3846; x_wconf 77' lang='lat' dir='ltr'>ebletivorum</span> <span class='ocrx_word' id='word_1_262' title='bbox 942 3805 1009 3844; x_wconf 86' lang='lat' dir='ltr'>usus</span> <span class='ocrx_word' id='word_1_263' title='bbox 1030 3797 1160 3868; x_wconf 49' lang='lat' dir='ltr'>xivf&amp;</span> 
     </span>
     <span class='ocr_line' id='line_1_36' title="bbox 82 3862 1160 3932; baseline 0.003 -18"><span class='ocrx_word' id='word_1_264' title='bbox 82 3863 291 3930; x_wconf 76' lang='lat' dir='ltr'>patrimonium</span> <span class='ocrx_word' id='word_1_265' title='bbox 298 3863 463 3930; x_wconf 77' lang='lat' dir='ltr'>principem</span> <span class='ocrx_word' id='word_1_266' title='bbox 475 3863 544 3932; x_wconf 74' lang='lat' dir='ltr'>fuit.</span> <span class='ocrx_word' id='word_1_267' title='bbox 644 3863 706 3914; x_wconf 82' lang='lat' dir='ltr'>slve</span> <span class='ocrx_word' id='word_1_268' title='bbox 718 3863 860 3925; x_wconf 69' lang='lat' dir='ltr'>corpulentia</span> <span class='ocrx_word' id='word_1_269' title='bbox 876 3862 1066 3917; x_wconf 79' lang='lat' dir='ltr'>simulatione.</span> <span class='ocrx_word' id='word_1_270' title='bbox 1101 3867 1160 3922; x_wconf 79' lang='lat' dir='ltr'>Alit</span> 
     </span>
    </p>

    <p class='ocr_par' dir='ltr' id='par_1_5' title="bbox 82 3929 1161 4072">
     <span class='ocr_line' id='line_1_37' title="bbox 136 3929 1159 4006; baseline 0.008 -24"><span class='ocrx_word' id='word_1_271' title='bbox 136 3931 168 3982; x_wconf 79' lang='lat' dir='ltr'>G.</span> <span class='ocrx_word' id='word_1_272' title='bbox 184 3931 224 3982; x_wconf 84' lang='grc'>18.</span> <span class='ocrx_word' id='word_1_273' title='bbox 257 3931 382 4000; x_wconf 75' lang='lat' dir='ltr'>elpeom]</span> <span class='ocrx_word' id='word_1_274' title='bbox 410 3933 476 3986; x_wconf 80' lang='lat' dir='ltr'>scu.</span> <span class='ocrx_word' id='word_1_275' title='bbox 495 3931 602 3986; x_wconf 71' lang='lat' dir='ltr'>Martis.</span> <span class='ocrx_word' id='word_1_276' title='bbox 643 3929 822 3984; x_wconf 66' lang='lat' dir='ltr'>adducendae</span> <span class='ocrx_word' id='word_1_277' title='bbox 843 3932 933 3982; x_wconf 77' lang='lat' dir='ltr'>morti</span> <span class='ocrx_word' id='word_1_278' title='bbox 959 3933 1159 4006; x_wconf 73' lang='lat' dir='ltr'>leglnrerunt,</span> 
     </span>
     <span class='ocr_line' id='line_1_38' title="bbox 82 3997 1161 4072; baseline -0.006 -19"><span class='ocrx_word' id='word_1_279' title='bbox 82 3999 125 4054; x_wconf 80' lang='lat' dir='ltr'>Gt.</span> <span class='ocrx_word' id='word_1_280' title='bbox 139 4001 184 4066; x_wconf 91' lang='lat' dir='ltr'>ll,</span> <span class='ocrx_word' id='word_1_281' title='bbox 200 3997 244 4052; x_wconf 80' lang='grc'>64.</span> <span class='ocrx_word' id='word_1_282' title='bbox 643 4011 673 4054; x_wconf 81' lang='lat' dir='ltr'>ut</span> <span class='ocrx_word' id='word_1_283' title='bbox 685 4003 746 4054; x_wconf 75' lang='lat' dir='ltr'>btv.</span> <span class='ocrx_word' id='word_1_284' title='bbox 761 3999 804 4066; x_wconf 92' lang='lat' dir='ltr'>ll,</span> <span class='ocrx_word' id='word_1_285' title='bbox 822 4001 865 4052; x_wconf 82' lang='lat'>3⁰.</span> <span class='ocrx_word' id='word_1_286' title='bbox 880 4001 909 4049; x_wconf 83' lang='lat' dir='ltr'>le</span> <span class='ocrx_word' id='word_1_287' title='bbox 922 3999 987 4068; x_wconf 72' lang='lat' dir='ltr'>flua</span> <span class='ocrx_word' id='word_1_288' title='bbox 999 4008 1161 4072; x_wconf 59' lang='lat' dir='ltr'>pomario.</span> 
     </span>
    </p>

    <p class='ocr_par' dir='ltr' id='par_1_6' title="bbox 133 4067 928 4138">
     <span class='ocr_line' id='line_1_39' title="bbox 133 4067 928 4138; baseline -0.003 -16"><span class='ocrx_word' id='word_1_289' title='bbox 133 4067 601 4133; x_wconf 75' lang='lat' dir='ltr'>c.ss.utcueenaamoraes]r1e·</span> <span class='ocrx_word' id='word_1_290' title='bbox 642 4068 806 4138; x_wconf 61' lang='lat' dir='ltr'>mirum</span> <span class='ocrx_word' id='word_1_291' title='bbox 839 4069 928 4124; x_wconf 77' lang='lat' dir='ltr'>noun.</span> 
     </span>
    </p>
   </div>
   <div class='ocr_carea' id='block_1_5' title="bbox 0 0 1412 4806">
    <p class='ocr_par' dir='ltr' id='par_1_7' title="bbox 0 0 1412 4806">
     <span class='ocr_line' id='line_1_40' title="bbox 0 0 1412 4806; baseline 0 0"><span class='ocrx_word' id='word_1_292' title='bbox 0 0 1412 4806; x_wconf 95' lang='lat' dir='ltr'> </span> 
     </span>
    </p>
   </div>
  </div>
 </body>
</html>
