2814 4808
217 178 263 268 eo
548 225 553 239 -
599 191 943 284 suasurum·
997 219 1006 244 =

174 395 217 452 ιι
224 403 323 471 quom
346 379 577 465 offerentium,
605 383 708 456 decus
727 380 816 454 istud
835 387 873 448 et
893 378 1060 451 claritudo
1080 379 1145 470 sit,
1170 377 1290 467 sobre·

221 485 313 553 risse
332 483 481 554 llomano
500 490 646 574 nomini,
669 483 905 575 compressisse
921 484 1120 555 Germaniae
1135 484 1291 574 populos.

222 585 321 670 Tua,
349 587 425 656 dive
445 591 625 682 Auguste,
657 591 747 658 caelo
773 593 909 679 recepta
936 610 1048 670 mens,
1083 593 1161 669 tua,
1194 594 1291 678 pater

222 689 356 768 Druse,
381 691 511 782 imago,
538 698 590 764 tui
609 693 767 760 memoria
789 691 896 760 isdem
915 692 993 762 istis
1015 713 1090 758 eun
1115 689 1291 772 militibus,

223 816 309 882 quos
327 795 393 863 iam
414 800 523 888 pudor
541 805 576 866 et
595 795 703 882 gloria
728 794 851 878 intrat,
877 797 991 864 eluant
1009 795 1095 864 lianc
1118 795 1292 876 maculam,

223 899 361 986 irasque
380 901 495 972 civiles
507 900 542 968 in
560 897 696 966 exitium
709 899 864 979 hostibus
879 905 1022 986 vertant.
1063 897 1137 967 Vos
1151 919 1294 986 quaeque,

224 1023 369 1090 quorum
390 1007 457 1074 alia
478 1023 562 1068 nunc
582 1023 662 1083 ora,
690 1002 756 1068 alia
769 1009 905 1090 pectora
919 1011 1097 1083 contueor,
1117 1001 1150 1068 si
1162 1002 1293 1088 legatos

225 1107 376 1186 senatui,
403 1105 594 1191 obsequium
614 1104 826 1194 imperatori,
853 1105 884 1172 si
906 1105 987 1172 mibi
1007 1106 1183 1194 coniugem
1201 1110 1238 1171 et
1253 1102 1293 1168 fi-

226 1207 309 1276 liurn
324 1206 475 1287 redditis,
489 1204 682 1274 disceditea
696 1213 852 1276 contactu
865 1231 904 1276 ao
917 1205 1056 1274 dividite
1066 1205 1238 1276 turbidos:
1258 1201 1294 1272 id

227 1311 350 1380 stabile
364 1309 405 1374 ad
419 1307 673 1396 poenitentiam,
692 1307 729 1375 id
745 1307 823 1378 fidei
837 1309 1003 1379 vinculum
1014 1311 1092 1380 erit.
1133 1313 1189 1380 ei.
1207 1305 1294 1396 Sup·

226 1415 333 1504 plices
341 1409 384 1478 ed
396 1411 476 1478 baec
489 1421 525 1479 et
537 1434 614 1480 rere
621 1411 815 1504 exprobrari
827 1415 970 1482 latentes
984 1413 1142 1482 orabant:
1161 1410 1296 1502 puniret

228 1515 363 1596 noxios,
386 1512 574 1600 ignosceret
590 1517 715 1605 lapsis,
736 1522 772 1583 et
787 1515 925 1584 duceret
939 1518 974 1586 in
987 1520 1132 1604 boetenu
1163 1535 1296 1582 revoca-

228 1624 323 1686 retur
336 1616 474 1695 coniux,
495 1617 622 1686 rediret
638 1619 805 1708 legionum
822 1623 988 1706 alumnus,
1006 1641 1086 1689 nere
1101 1617 1199 1686 obses
1215 1615 1297 1684 Gal·

227 1721 273 1790 lis
293 1719 494 1789 traderetur.
543 1719 702 1790 Reditum
725 1723 937 1815 Agrippinae
957 1722 1144 1802 excusarit,
1171 1717 1213 1786 ob
1235 1718 1298 1783 irn-

228 1821 406 1888 minentem
428 1829 562 1913 partum
587 1831 622 1892 et
642 1825 800 1908 hiemem3
834 1833 1008 1896 uenturum
1030 1827 1155 1894 lilium:
1186 1829 1298 1890 cetera

228 1923 296 2014 ipsi
317 1933 587 2015 exsequerentur.
629 1927 838 1996 Discurrunt
857 1927 998 2005 mutati,
1024 1939 1060 1994 et
1080 1925 1299 1998 seditiosissi-

229 2049 318 2094 mum
333 2049 496 2119 quemque
509 2031 638 2098 vinctos
650 2032 787 2102 trabunt
800 2029 843 2098 ad
855 2033 1002 2120 legatum
1016 2029 1156 2118 legionis
1173 2029 1299 2116 primae

230 2128 352 2198 Gaium
374 2129 609 2218 Caetronium,
636 2135 695 2221 qui
714 2133 875 2204 iudicium
896 2142 931 2202 et
950 2157 1073 2224 poenas
1092 2133 1134 2202 de
1157 2132 1300 2218 singulis

228 2233 264 2298 in
285 2231 372 2300 bunc
394 2235 528 2304 modum
549 2237 714 2304 exercuit:
748 2237 885 2305 stabant
905 2259 966 2328 pro
983 2240 1139 2306 concione
1153 2237 1300 2326 legiones

230 2331 403 2403 destrictis
424 2338 565 2426 gladiis3
599 2359 678 2406 reus
695 2340 730 2405 in
749 2347 910 2428 suggestu
929 2363 990 2432 per
1006 2342 1176 2410 tribunum
1191 2347 1302 2407 osten-

230 2435 392 2507 debatur:
413 2443 444 2508 si
459 2447 631 2508 nocentem
646 2443 920 2527 acclamaverant,
939 2468 1099 2536 praeceps
1116 2443 1216 2511 datare
1231 2451 1302 2509 tru-

230 2540 418 2611 cidabatur.
461 2541 507 2610 Et
520 2544 688 2632 gaudebat
702 2544 861 2614 caedibus
876 2547 992 2630 miles,
1018 2555 1175 2635 tanquam
1196 2553 1304 2614 semet

231 2645 440 2732 absolveret3
467 2667 527 2712 nse
542 2643 668 2714 Caesar
681 2647 834 2731 arcebat,
856 2647 987 2736 quando
1000 2649 1093 2715 nullo
1109 2647 1217 2736 ipsius
1233 2649 1305 2714 ius-

230 2771 272 2816 su
302 2769 405 2840 penes
432 2749 565 2816 eosdem
588 2749 727 2820 saevitia
746 2750 829 2817 iacti
848 2755 884 2816 ot
905 2749 1031 2816 invidia
1053 2759 1138 2819 erat.
1189 2747 1305 2816 Secuti

232 2853 421 2940 exemplum
441 2853 590 2920 veterani
610 2852 700 2922 baud
723 2853 829 2922 multo
847 2851 979 2942 postia
996 2852 1151 2920 Raetiam
1167 2852 1306 2920 mittun-

232 2961 291 3022 tur
310 2953 422 3042 epecie
444 2953 668 3026 detendendae
687 2957 877 3048 provinciae
896 2955 938 3024 ob
951 2955 1153 3026 imminentis
1166 2957 1307 3042 Suevos,

282 3127 317 3184 0.
331 3127 376 3184 is
408 3131 514 3198 esopo]
535 3132 602 3184 Seii.
620 3132 690 3186 inter
707 3129 750 3186 sl-
791 3130 1037 3202 coVirg.e.1v‚
1060 3133 1123 3188 205.
1152 3133 1210 3187 iiic.
1230 3133 1307 3185 Fam.

234 3213 290 3268 gne
304 3199 417 3252 militam
429 3203 514 3254 culte.
546 3205 604 3254 Neo
618 3203 689 3256 enim
703 3213 750 3254 eo-
791 3202 865 3266 vll,
883 3204 925 3253 13.

236 3273 281 3322 ire
302 3269 492 3332 impensorum
511 3269 643 3336 imagines
666 3271 751 3324 bob*
843 3273 997 3334 omrem]
1014 3267 1038 3322 l.
1050 3283 1076 3322 e.
1088 3271 1193 3324 eisdem
1205 3269 1307 3324 veria-

236 3341 334 3391 bsntur
345 3338 459 3390 innexae
472 3337 568 3408 signis,
580 3342 627 3390 sed
640 3345 669 3392 et
679 3341 751 3392 aiio·
792 3353 865 3393 nam.

236 3421 312 3474 rum,
338 3418 405 3470 qnos
425 3407 570 3468 impersmr
597 3409 649 3458 eibi
674 3411 752 3460 velat
843 3407 873 3459 c.
886 3404 930 3458 ii.
962 3419 1019 3474 pro
1032 3407 1181 3467 concione]
1205 3407 1238 3458 Iu
1258 3421 1308 3462 cs·

236 3475 384 3540 aequabat:
400 3485 431 3526 ut
443 3475 751 3539 seirnispnosyriscss
795 3475 862 3528 stris
881 3477 1011 3528 Romanis
1031 3475 1058 3522 in
1079 3475 1191 3525 iormsm
1210 3479 1308 3538 optime

237 3543 369 3610 legiones,
385 3545 458 3596 Suet.
472 3544 529 3595 rin.
542 3543 586 3598 48.
607 3547 684 3598 Hanc
697 3545 750 3610 igi·
795 3545 908 3597 dimensi
918 3543 1006 3607 oppidi
1016 3543 1119 3592 exstrui
1129 3543 1217 3596 solitis
1228 3547 1310 3597 etiam

237 3615 282 3664 tur
301 3611 383 3663 Drusi
400 3621 570 3678 praesentem
584 3613 690 3666 intuens
703 3614 752 3665 iiis
795 3616 884 3666 iorum
897 3622 971 3664 erac:
989 3611 1086 3670 Polyb.
1098 3611 1157 3680 Vl,
1175 3615 1218 3664 28.
1237 3607 1268 3664 in
1280 3615 1310 3664 id

238 3681 487 3745 pronuntiaremus.
520 3683 562 3732 Ex
578 3683 657 3734 bins.
690 3681 752 3732 Ail—
795 3681 1014 3732 convocabantur
1025 3678 1133 3744 milites,
1150 3683 1254 3743 quoties
1266 3683 1310 3731 di-

239 3761 281 3802 ter
297 3749 514 3802 Freinshemius:
538 3752 661 3802 Revocae
679 3748 753 3799 mili·
796 3752 947 3800 ctsducum
961 3750 996 3800 sb
1007 3747 1142 3798 universis
1154 3751 1310 3814 accipienda

238 3820 311 3870 tibus
325 3819 480 3871 inanimum
496 3817 753 3881 ipsiusDrnsiima-
796 3825 881 3868 erant.
922 3817 1016 3877 1,67.
1048 3817 1118 3866 Tum
1144 3821 1311 3870 contrarios

238 3889 326 3952 ginem
338 3889 472 3940 mentibus
482 3901 573 3938 eorum
583 3889 753 3954 impressum,
796 3887 828 3936 ia
844 3883 1004 3951 principio,
1029 3887 1246 3953 aoii.iiist.111,
1265 3889 1309 3938 1³.

238 3970 314 4022 quem
330 3969 414 4018 nuper
426 3959 520 4006 ducem
534 3959 668 4008 siderant.
797 3955 859 4009 loir.
871 3955 943 4016 vn,
962 3957 1004 4006 12.
1026 3955 1165 4007 licuisse.

288 4027 397 4092 pierio]
424 4025 477 4078 Pro
497 4027 600 4091 gloriae
621 4023 753 4092 cupidine,
849 4023 971 4088 Suevos]
996 4025 1130 4086 Quomodo
1140 4021 1223 4076 suevi
1234 4021 1309 4073 nae-
