2814 4806
213 275 279 342 tio
596 259 906 335 Attonitum

166 485 209 536 20,
218 459 319 526 dacos
340 457 375 522 in
398 452 530 521 domum
544 451 719 534 Caesarie3
744 448 941 518 defendente
956 467 1047 520 reum
1061 445 1175 516 dianio
1187 445 1295 540 Lepi·

216 563 260 630 dc
280 563 397 628 iratre.
440 555 616 644 Quirinius
633 561 713 644 post
730 553 855 622 dictum
870 552 1045 644 repudium
1062 552 1170 620 edituc
1184 553 1295 619 inien-

216 645 294 746 sns,
322 662 473 750 quemvis
493 659 608 725 iniami
630 679 668 724 ac
686 659 818 724 nocenti
837 657 1081 725 miserationem
1100 653 1292 722 eddiderat.

216 765 318 836 Huud
332 765 430 832 iuoile
444 763 519 851 quis
533 759 717 850 dispexerit
730 759 789 826 ifle
804 759 839 827 in
852 761 1038 848 cognitione
1047 765 1187 827 montom
1197 758 1293 847 prin-

217 871 321 961 cipis,
356 866 438 934 adeo
463 866 566 932 vertit
595 883 633 930 uc
656 863 792 930 miscuit
817 864 887 931 irae
909 871 945 931 et
965 863 1159 933 clementius
1179 863 1289 947 signa.

216 974 427 1060 Deprecetus
440 969 547 1059 primo
563 975 733 1048 senatum,
753 987 795 1032 ne
812 967 999 1035 maiestatis
1014 966 1152 1034 crimino
1164 971 1290 1032 trecte-

216 1082 349 1155 rentur,
377 1095 453 1138 mox
471 1072 619 1138 Marcum
643 1069 820 1138 Servilium
844 1091 863 1135 e
883 1069 1115 1147 consularibus
1137 1069 1292 1157 aliosque

216 1183 323 1244 testes
340 1174 450 1243 illexit
471 1171 513 1240 ed
538 1172 735 1262 proferenda
756 1193 842 1260 qnae
857 1175 950 1241 velut
963 1175 1104 1240 reticere
1119 1175 1291 1252 volnerat;

216 1279 371 1368 idemque
391 1297 505 1344 servos
522 1274 689 1364 Lepidae,
711 1295 786 1341 cnm
807 1276 949 1344 militari
963 1275 1116 1344 custodia
1129 1277 1294 1344 habereu-

217 1389 296 1461 tur‚
321 1379 499 1449 transtulit
519 1377 561 1444 ud
580 1379 752 1457 consules,
776 1399 883 1466 neque
895 1401 957 1470 per
969 1386 1134 1446 tormenta
1146 1381 1293 1447 interro·

217 1483 292 1574 geri
313 1504 435 1575 pessus
455 1487 509 1548 est
530 1478 572 1546 do
590 1479 650 1564 iis,
687 1503 773 1568 qnae
796 1479 838 1546 ad
864 1481 999 1550 domnnt
1024 1505 1119 1550 snam
1142 1483 1290 1571 pertitne-

216 1593 305 1658 sent.
354 1582 487 1654 Exemit
510 1581 611 1648 etium
632 1582 783 1650 Drusum
805 1587 974 1653 consulem
1004 1583 1209 1670 designatum
1235 1585 1289 1650 di·

217 1688 341 1760 cendae
361 1689 469 1776 pritno
490 1685 563 1751 loco
585 1689 786 1766 sententiae,
815 1689 906 1776 quod
925 1689 984 1756 alii
1001 1689 1098 1756 civile
1118 1688 1289 1770 rebantur,

216 1815 259 1862 ne
281 1791 401 1858 ceteris
423 1787 627 1855 essentiendi
649 1790 831 1856 necessitas
856 1793 969 1876 fieret,
996 1789 1132 1881 quidam
1152 1789 1195 1856 ad
1214 1813 1289 1857 sae-

216 1894 333 1966 vitiem
354 1893 548 1961 trahebant:
582 1911 688 1979 neque
712 1891 798 1959 euim
825 1913 997 1962 cessurum
1020 1893 1087 1961 nisi
1111 1891 1290 1962 damnandi

216 1998 340 2068 cilicio.
381 1997 437 2064 23.
456 1992 584 2084 Lepide
598 1993 754 2061 ludorum
771 1994 909 2077 diebus,
930 1997 990 2086 qui
1006 1997 1224 2084 arguitionem
1238 1999 1291 2066 itt·

216 2089 447 2179 tetrenerant,
473 2097 641 2164 theatrum
663 2117 738 2163 cunt
758 2098 859 2167 claris
885 2099 1018 2168 feminis
1040 2099 1210 2188 ingressa,
1237 2105 1289 2168 la-

217 2201 419 2274 mentatione
439 2199 543 2269 ileltili
561 2200 703 2270 maiores
721 2221 801 2269 snos
820 2199 932 2286 ciens,
958 2203 1134 2296 ipsumque
1147 2203 1290 2295 Pompe-
1323 2209 1337 2224 '

285 2357 317 2412 c.
330 2359 373 2412 22.
405 2355 532 2414 reticere
548 2355 675 2412 Beroaid.
705 2359 820 2414 reicere
837 2362 893 2414 oid

217 2527 267 2568 sue
285 2513 367 2566 mou
384 2511 530 2580 copiiatnr
542 2511 588 2565 cei
606 2515 735 2581 optetur,
777 2513 882 2585 vinciis,
898 2514 1008 2580 eiusque
1020 2519 1113 2569 modus
1126 2525 1157 2570 ut
1168 2515 1247 2582 isqui
1259 2517 1288 2570 in

218 2586 270 2638 act
282 2585 347 2648 post
360 2582 440 2634 titum
452 2585 590 2648 speratur
601 2587 631 2636 et
643 2585 734 2637 scuti·
776 2598 847 2637 noxe
855 2595 930 2638 esset
942 2591 1063 2638 cateneto
1075 2587 1164 2640 nunni
1178 2590 1289 2640 dertrce

217 2647 328 2707 netur?
359 2651 429 2703 Nou
447 2653 521 2702 enuit
540 2665 575 2704 ea
592 2655 734 2705 sunteas
776 2655 914 2716 attigeten
940 2657 1068 2720 necent,
1101 2669 1171 2719 onoc
1195 2658 1288 2708 eedem

218 2721 297 2774 ecrit
311 2721 472 2772 renuitur
485 2735 541 2788 qua
553 2723 589 2774 de
600 2722 732 2774 dominis.
775 2725 868 2775 militis
894 2723 1034 2774 sinistrant
1057 2724 1170 2774 vinciret
1194 2728 1287 2776 custo-

219 2791 332 2845 tenuit.
347 2793 427 2854 Apol.
441 2789 483 2842 ³5.
518 2791 598 2842 intre.
774 2793 836 2844 diae
847 2791 906 2843 eine
920 2791 1059 2853 praetecti.
1082 2796 1175 2844 senec.
1189 2795 1286 2856 Tuscu.

267 2859 390 2914 dicium]
426 2857 500 2919 Quod
526 2858 591 2910 olibi
616 2857 733 2910 missum
775 2860 805 2925 l,
822 2863 864 2912 tu.
893 2863 1032 2920 Acinetuv,
1051 2865 1093 2912 11.
1125 2863 1205 2914 latre.
1221 2863 1286 2914 Exc·

218 2925 325 2978 dicitur.
364 2927 529 2986 necutiante
556 2931 645 2979 eutctn
668 2936 733 2979 ente
775 2929 805 2978 ii.
839 2931 915 2978 Adde
927 2927 986 2994 vi,
1002 2925 1044 2978 tt.

218 3005 305 3048 anuos
319 2993 382 3044 xx.
405 2995 477 3042 sort
492 2995 550 3044 stc.
564 2995 609 3046 ts.
822 2999 919 3061 priene
928 2999 1002 3056 ioco]
1017 2995 1286 3064 sppicu.ctv.1i,s.

268 3061 363 3114 ceriti
380 3092 388 3110 .
405 3090 413 3107 ·
430 3061 526 3124 cipue]
563 3063 732 3126 inconstans,
774 3062 891 3119 Σιλανός
902 3061 953 3132 μὲν
967 3060 1001 3130 δη·
1015 3063 1233 3132 updtoeiieyer.
1257 3057 1284 3118 'ds

219 3127 334 3183 sitemis
346 3125 453 3180 vicibus
469 3131 545 3179 modo
557 3127 642 3180 iratus
657 3134 733 3182 modo
773 3130 800 3188 ἐς
812 3129 843 3184 τὰ
857 3131 956 3200 μέλλον
966 3127 1051 3204 ᾕρητο
1060 3129 1215 3184 decesisse·
1232 3121 1285 3184 dds

218 3201 337 3250 clemens
344 3211 353 3260 3
377 3197 510 3263 miscuit,
532 3197 687 3262 ambiguus,
704 3207 733 3248 et
774 3197 825 3270 γὰρ
846 3195 994 3266 Ῥωμαίοις
1015 3193 1150 3269 inpolitus
1167 3195 1285 3252 inuesi-

217 3279 272 3319 ttno
286 3273 348 3318 ectu
365 3265 452 3316 iratus
470 3266 549 3316 simui
562 3273 590 3316 et
603 3267 732 3335 clemens,
772 3286 832 3320 esso
852 3267 959 3336 πρῶτος
975 3263 1085 3336 εἰσφέρει
1101 3264 1152 3336 eq's
1163 3261 1283 3337 γνώμην.

217 3343 249 3389 ut
269 3335 335 3400 Agr.
356 3335 398 3386 15.
426 3334 486 3384 i'im
502 3337 533 3386 et
548 3337 733 3388 contumeliae
772 3339 841 3392 Seii.
853 3339 912 3390 cet
926 3339 969 3390 50.

217 3403 346 3459 miscere.
380 3403 472 3454 Duru.
824 3405 1019 3474 nequeenim]
1043 3403 1077 3454 ii.
1097 3416 1122 3458 e.
1141 3401 1287 3472 Tiberium,

269 3471 418 3531 notuerat]
441 3465 562 3532 Respicit
582 3469 617 3522 sd
634 3473 732 3538 depre-
773 3477 842 3539 qncd
859 3486 955 3527 auctor
973 3483 1047 3526 esset
1059 3471 1113 3524 iiiio
1129 3475 1159 3524 ui
1177 3475 1287 3526 cederet

217 3541 349 3594 ostionem
363 3551 442 3605 quem
456 3540 571 3601 scriptor
584 3549 645 3591 oute
654 3541 731 3594 dixe·
772 3545 901 3596 dicendae
931 3544 1017 3608 primo
1041 3545 1100 3595 ioco
1127 3543 1287 3612 sententiae,

217 3613 262 3662 ret
287 3621 305 3662 s
329 3609 434 3660 littorio
456 3609 483 3658 in
501 3619 596 3661 senatu
616 3613 732 3676 iactum;
772 3615 842 3664 eutis
855 3613 974 3664 iudicare
987 3614 1145 3664 destinatam
1162 3611 1213 3661 sibi
1226 3625 1287 3665 estc

216 3681 296 3730 coici
307 3677 502 3730 simniutionem
515 3679 631 3746 denotet,
648 3693 732 3733 vor·
774 3681 893 3742 Lepidae
905 3683 1115 3744 damnationem
1130 3692 1192 3732 unm
1205 3681 1287 3732 eusc-

217 3747 358 3812 gebiicir
372 3749 433 3808 [vei
447 3747 573 3812 speciem,
592 3749 731 3800 solein-
772 3749 899 3801 tutionem
917 3750 941 3802 si
959 3749 1170 3814 destinavisset,
1187 3751 1287 3804 nuttam

218 3815 309 3878 Νη,
334 3823 363 3866 nt
386 3815 414 3884 i,
436 3817 464 3868 8.
490 3819 729 3878 i'eiutpraesidic
773 3819 852 3882 piene
866 3820 925 3870 iore
939 3831 1049 3871 oensem
1065 3817 1183 3870 cedendi.

215 3885 332 3936 stetere.
365 3885 400 3934 Et
414 3884 457 3935 to.
482 3887 560 3948 θυαε
576 3889 656 3936 ceint
675 3901 730 3938 eu·
822 3883 853 3938 C.
866 3891 911 3942 23.
935 3889 1086 3947 ludorum]
1105 3883 1230 3950 intellige
1242 3885 1286 3938 itt-

214 3953 339 4002 ctttondo
352 3953 554 4016 enprodrurei.
577 3955 621 4006 ci.
635 3955 671 4022 V,
686 3955 727 4004 10.
768 3955 821 4005 dos
832 3967 945 4018 magnos
956 3957 1019 4007 sive
1026 3959 1171 4020 Romanos,
1184 3951 1286 4006 enonis

264 4019 386 4070 militari
403 4021 547 4082 custodia]
574 4023 650 4082 once
668 4024 727 4072 ire·
769 4033 854 4088 usque
865 4028 902 4077 sd
914 4025 1131 4088 idnsseptcmtr.
1145 4019 1285 4085 quotannis

213 4087 388 4152 quentiseitne
409 4097 437 4140 et
454 4089 557 4143 iicmse
570 4093 599 4140 ci
615 4089 644 4142 io
661 4101 726 4153 pro·
769 4093 924 4150 etidcirco
936 4092 1284 4150 cttntlcstroceioitrotos.
