2814 4808
196 258 243 326 tt
578 251 888 327 ANNALIUH

156 453 198 510 at
207 440 348 508 enimam
369 447 406 508 et
423 461 546 530 cer-pue
561 442 750 525 aestimetur
777 442 854 510 bino
866 445 1014 524 nutem,
1035 461 1144 526 arma,
1165 448 1276 514 tento·

203 545 275 624 ria,
298 545 374 612 hine
398 545 571 616 caevitiam
591 547 819 616 centurionum
841 551 877 614 et
893 546 1082 618 vacationes
1100 569 1274 616 munerum
1387 569 1390 576 ·

204 643 336 716 redimi.
378 648 433 718 At
454 649 589 720 hercule
607 651 743 721 verbera
759 654 793 715 et
807 650 961 731 vulnera,
988 646 1105 716 duram
1122 649 1276 734 hiemem,

137 745 143 764 ⁰
205 749 368 816 exercitae
383 761 546 837 aestates,
572 755 695 822 bellum
710 759 805 820 atrox
821 759 880 820 aut
891 753 1042 820 sterilem
1058 774 1173 842 pacem
1187 777 1275 822 eern-

205 849 349 938 piterno.
391 855 465 926 Nec
489 858 581 926 aliud
601 860 820 924 levamentum
832 867 937 944 'qnam
951 856 984 925 ei
996 856 1100 922 certia
1114 857 1178 934 aab
1191 857 1275 945 legi-
1402 877 1403 902 ι

204 953 268 1020 bue
283 955 404 1025 militia
416 962 566 1042 iniretur,
585 967 625 1026 ut
637 961 787 1045 singulae
802 958 957 1028 denariae
970 969 1146 1040 mererent,
1160 967 1276 1026 emtore
1402 981 1403 1038 ι

205 1054 365 1128 decumus
386 1062 544 1152 stipendii
564 1085 669 1129 annue
690 1064 788 1130 tinem
804 1063 957 1144 allerret3
985 1083 1027 1130 ne
1040 1065 1130 1130 ultra
1144 1063 1207 1130 anb
1219 1085 1276 1130 ra-

205 1160 298 1228 xillae
317 1171 526 1247 tenerentur,
553 1163 615 1232 aad
633 1165 738 1234 indam
753 1165 788 1234 in
800 1164 923 1234 caetris
935 1163 1119 1253 praemium
1135 1167 1275 1254 pneuma

205 1265 403 1338 ablueretur.
443 1269 502 1340 An
519 1271 707 1358 praetoriae
721 1271 885 1352 cohortes,
908 1289 993 1356 quae
1009 1268 1105 1336 binos
1119 1267 1276 1336 denariae

205 1371 411 1456 acceperint,
436 1393 521 1459 quac
535 1379 613 1460 poet
626 1371 771 1441 sedecim
788 1393 892 1438 annae
913 1369 1089 1459 penatibus
1108 1371 1181 1436 auio
1200 1369 1277 1438 rael-

205 1469 347 1554 alantur,
376 1473 452 1561 plue
474 1475 698 1563 periculorum
719 1465 914 1564 aueaipera?
956 1471 1036 1542 Non
1056 1472 1276 1542 obtrectaria

205 1595 243 1669 eo
265 1575 409 1644 urbanae
428 1577 605 1648 excubiae:
635 1580 702 1648 eibi
720 1587 831 1648 tamen
848 1574 939 1668 apud
959 1577 1113 1646 horridae
1126 1585 1276 1662 genteae

203 1677 429 1747 contuberniis
443 1679 573 1750 boetem
586 1685 705 1773 aepici.
748 1687 804 1756 18.
826 1680 1060 1772 Adstrepebat
1072 1681 1203 1765 vulgus,
1223 1677 1276 1744 di-

202 1781 310 1848 ueraie
335 1781 578 1870 incitamentie,
611 1789 648 1856 hi
675 1787 850 1857 verberum
881 1793 1002 1867 nome,
1035 1785 1087 1852 illi
1109 1783 1277 1864 canitiem,

202 1883 339 1974 plurimi
361 1884 486 1954 detrita
513 1891 657 1976 tegmina
675 1899 711 1958 at
730 1889 855 1959 nudum
875 1909 999 1976 oerpne
1019 1887 1278 1977 exprobrantes.

201 1986 379 2074 Postremo
402 2011 441 2058 eo
461 1993 587 2060 luroria
609 2017 747 2073 renero,
773 1999 895 2062 uttrae
916 1991 1064 2078 legiones
1080 1991 1220 2058 miscere
1241 1989 1277 2056 in

201 2111 300 2160 unam
316 2095 526 2178 agitaverint.
568 2099 715 2188 Depulei
729 2095 965 2176 aemulatione,
986 2094 1064 2182 quia
1084 2115 1165 2162 auae
1184 2094 1279 2181 quie·

201 2217 266 2283 que
278 2196 403 2281 legioni
415 2219 490 2266 enm
504 2202 661 2269 honorem
678 2199 902 2290 quaerebant,
923 2198 991 2264 elio
1007 2203 1155 2279 vertant,
1176 2203 1277 2283 etqua

201 2321 267 2366 una
290 2308 361 2367 trae
383 2303 514 2390 aquilae
533 2310 569 2370 et
590 2305 686 2392 cigna
706 2303 893 2372 cohortium
905 2303 1031 2372 locant.
1075 2297 1185 2368 Simul
1198 2319 1277 2366 eon·

201 2409 323 2489 gerunt
346 2405 531 2496 ceeepitea,
560 2414 719 2476 extruunt
741 2405 909 2486 tribunal,
937 2423 1004 2492 quo
1018 2399 1125 2487 magio
1145 2400 1279 2492 canapi·

200 2527 262 2574 cna
281 2504 379 2576 eadee
400 2509 498 2580 ierat.
546 2509 811 2602 Properantibua
829 2507 974 2576 Blaesus
990 2503 1143 2586 advenit,
1168 2505 1278 2572 inere-

200 2609 369 2700 pabatqna
391 2637 430 2682 ao
450 2615 617 2683 retinebat
636 2616 808 2702 cingulos,
834 2612 1031 2680 clamitans:
1064 2629 1138 2674 mea
1162 2607 1278 2696 potiua

201 2711 301 2784 mete
315 2715 456 2784 imbuite
468 2740 605 2801 mannua
627 2717 752 2786 leuiore
765 2716 894 2804 flagitio
906 2716 1054 2800 legatum
1068 2709 1279 2778 interficiatis

200 2839 300 2905 qnam
317 2819 359 2884 ab
378 2821 581 2912 imperatore
596 2819 796 2889 desciscitis.
837 2817 915 2886 Aut
926 2813 1102 2885 incolumia
1118 2813 1216 2882 noo·
1228 2815 1279 2880 le·

202 2919 336 3006 gionum
357 2923 527 3008 retinebo,
557 2933 617 2994 aut
636 2923 808 3014 iugulatus
822 2919 1060 3012 poenitentiam
1074 2914 1279 2984 accelerabo.

203 3026 257 3092 re.
285 3023 524 3110 Apparebatur
550 3029 655 3096 nihilo
682 3031 791 3094 minna
811 3047 967 3114 canapeo,
993 3021 1129 3110 iamque
1149 3018 1280 3109 pectori

183 3143 309 3216 ·uaqua
330 3133 540 3211 accreverat,
568 3149 642 3196 cnm
658 3129 791 3197 tandem
804 3125 992 3220 pervicacia
1008 3125 1090 3192 victi
1109 3123 1278 3208 inceptum

270 3315 302 3370 0.
316 3321 359 3369 ra.
391 3330 482 3384 capue
500 3319 624 3373 neronio.
646 3326 683 3375 At
702 3324 759 3374 MS.
778 3319 904 3383 ιιιιιᾳιιι.
927 3311 1058 3377 suspicor
1077 3310 1106 3363 in
1126 3323 1161 3362 ca
1182 3319 1279 3360 corra-

235 3389 312 3452 btala
324 3390 391 3438 baec
409 3387 512 3439 luero:
533 3389 645 3457 maeque
657 3391 771 3456 pectant
783 3401 825 3440 ιιι
835 3399 900 3452 pue
914 3383 1105 3448 marcuerat,
1126 3392 1192 3432 ouer
1211 3379 1279 3428 tarn-

235 3457 301 3508 dem
315 3454 481 3520 perotcocto
504 3457 584 3509 ctae
610 3459 680 3510 ctott
694 3469 748 3510 acc.
781 3460 850 3509 Nem
864 3455 932 3516 quoe
944 3449 1054 3513 htpetaa
1064 3449 1101 3502 at
1111 3445 1279 3516 perotcaeta

235 3527 362 3582 motam
378 3523 468 3590 metue
487 3527 583 3580 Blaert
596 3531 627 3580 ct
645 3529 673 3580 et
686 3529 734 3596 que·
751 3525 804 3580 ortt
819 3523 943 3592 fortiter·
956 3519 1147 3588 mulctarent,
1162 3517 1278 3570 annuae

253 3696 398 3757 tentoria]
424 3695 490 3748 Sall.
503 3693 571 3761 emt,
594 3699 665 3762 qnod
682 3710 718 3750 cx
760 3693 896 3760 rttponelta
914 3689 1140 3754 dbpcnrabantur
1159 3687 1279 3757 intelllgi

203 3767 570 3829 aa-reeltmtmutuannum.
760 3764 898 3816 volebant

253 3837 432 3901 aecepertnt]
457 3836 582 3886 Aortatna
601 3833 720 3886 atellcm
812 3831 843 3884 c.
858 3831 898 3882 18.
932 3825 1073 3888 trtbunol]
1097 3825 1279 3889 homun-

205 3905 364 3956 reteranane
389 3907 447 3968 est,
477 3917 527 3966 quo
554 3905 587 3954 oe
617 3904 720 3967 ectpen-
762 3903 813 3952 bne
833 3899 980 3962 congente
1011 3897 1081 3948 Pltrr·
1100 3898 1166 3950 Pan.
1186 3897 1235 3959 tt,
1251 3895 1279 3944 t·

205 3973 307 4025 olorum
324 3975 400 4024 moto
416 3975 552 4023 decretum
571 3982 599 4023 et
617 3973 721 4026 constt-
763 3969 865 4034 xtpbtt.
878 3967 974 4032 mill,
991 3970 1017 4018 2.
1052 3969 1120 4019 llam
1137 3964 1183 4016 ubl
1200 3962 1280 4026 algua

206 4047 291 4094 tutum
306 4053 364 4106 eu3
382 4041 427 4106 qul
440 4043 605 4107 occurerent
619 4039 721 4094 eubert-
762 4039 897 4106 legtomm
910 4037 939 4087 ln
951 4035 1051 4088 muria
1062 4036 1231 4096 tmenmanr,
1241 4025 1280 4080 tbl

206 4121 331 4181 tncrnnt,
358 4115 445 4163 emron
465 4111 529 4165 illae
547 4113 606 4164 tter
625 4112 723 4178 quibua
763 4108 989 4163 tribnnmm
996 4103 1135 4174 aquom
1152 4100 1217 4167 Ψ
1230 4097 1280 4154 ¹¹¹⁸
