2814 4806
223 279 270 351 01
495 321 502 334 ·
578 271 916 346 -n-riiinnliini
1006 319 1011 328 ·

173 485 299 538 iernen
321 463 438 536 liberis
456 463 530 530 eise
550 461 677 530 dumne
691 463 850 531 sestertia
867 461 1028 550 singulis,
1049 462 1109 552 qni
1123 483 1230 530 sexus
1246 463 1300 533 vi-

220 577 297 646 rllls
317 577 443 640 essem.
484 567 593 654 Egere
612 569 671 636 alii
691 577 822 653 gretes:
847 569 946 636 siluit
954 567 1140 648 Hortalus,
1160 589 1300 657 pavore,

222 701 265 746 sn
286 677 395 746 avitae
414 669 601 739 nobilitatis
623 671 724 738 atione
748 672 836 738 iuter
862 673 1033 757 angustias
1058 673 1216 739 iortnnee
1241 695 1298 738 re-

220 784 343 852 tinens.
385 777 507 864 Neque
526 773 704 842 miseratus
723 783 778 840 est
791 776 928 864 postium
945 773 1124 857 Tiberius,
1142 776 1296 864 quamvis

220 885 340 955 domne
353 875 529 950 Hortensii
544 874 731 966 pudendam
748 877 791 945 ad
804 880 949 968 inopiam
967 879 1192 949 delaberetur.

319 989 376 1056 39.
401 979 527 1051 Eodem
544 999 630 1048 anno
644 981 801 1072 mancipii
814 984 914 1049 unius
929 981 1087 1064 andacia,
1107 984 1143 1050 ni
1163 991 1293 1051 mature

219 1091 416 1162 subventura
431 1087 534 1170 misc,
553 1083 732 1155 discordiis
748 1089 915 1175 armisque
926 1085 1082 1154 civilibus
1096 1104 1166 1154 rem
1181 1087 1293 1176 publi-

218 1215 292 1262 cam
306 1189 519 1282 perculisset.
562 1185 717 1256 Postumi
731 1189 906 1280 Agrippae
918 1213 1047 1272 servus,
1068 1191 1201 1256 nomine
1213 1190 1292 1260 cle-

219 1319 331 1379 mens,
354 1301 526 1382 comperte
543 1291 610 1358 ine
630 1291 781 1378 Augusti
800 1313 940 1382 pergere
959 1292 994 1360 iu
1012 1295 1155 1362 insulam
1170 1293 1292 1362 Pleus-

218 1402 304 1470 siem
318 1405 354 1466 et
366 1395 484 1465 fraude
496 1401 556 1463 eut
567 1395 601 1462 vi
613 1404 747 1485 raptum
761 1397 949 1487 Agrippam
962 1397 1051 1463 ierrs
1065 1395 1108 1462 ad
1123 1397 1291 1464 exercitos

218 1501 436 1575 Germanicos
449 1517 514 1566 non
527 1498 642 1566 servili
661 1501 769 1566 anime
783 1501 946 1587 concepit.
986 1500 1172 1567 Ausonius
1186 1501 1291 1586 impe-

217 1609 304 1678 divit
318 1601 651 1672 terditasonersriae
662 1603 776 1685 nerim
806 1611 907 1692 atque
922 1603 1054 1670 interim
1070 1609 1201 1693 patrata
1214 1623 1289 1669 eae-

217 1712 261 1782 de
272 1709 316 1779 rel
332 1708 457 1775 maiora
471 1715 507 1774 at
518 1706 624 1793 magis
637 1707 836 1795 praecipitia
850 1727 1030 1774 conversus
1048 1708 1181 1774 iuratur
1200 1705 1290 1773 cine-

216 1837 293 1894 res,
318 1819 499 1898 rectusque
514 1807 637 1879 ¹cosam
651 1809 808 1876 Etruriae
823 1812 1083 1900 promontorium
1101 1809 1225 1897 ignotis
1238 1812 1290 1876 lo·

216 1919 266 1987 eie
279 1935 355 1983 sese
368 1911 473 1995 abdit,
494 1911 598 1979 donec
609 1912 733 1980 crinem
746 1912 950 2003 barbamque
963 1915 1192 2003 promitteret:
1204 1935 1288 1982 nom

218 2027 330 2090 neeis
343 2017 495 2084 etiormo
508 2013 597 2082 bend
611 2015 769 2084 dissimili
782 2015 815 2082 in
829 2016 996 2085 deminum
1012 2025 1096 2090 erot.
1123 2017 1214 2086 ‘l'um
1229 2031 1290 2108 por

216 2123 355 2192 idoneos
374 2127 408 2185 et
422 2118 544 2185 secreti
563 2119 635 2184 eius
649 2121 759 2186 socios
772 2121 955 2188 crebrescit
969 2123 1079 2220 virere
1089 2123 1290 2212 Agrippam,

216 2225 359 2295 occultis
373 2223 515 2312 primum
533 2224 761 2306 sermonibus,
780 2232 820 2290 nt
835 2224 940 2292 vetita
958 2226 1085 2306 selant,
1112 2247 1187 2293 mox
1205 2247 1287 2312 vago

215 2325 351 2399 nemore
372 2323 462 2415 apud
481 2325 726 2414 imperitissimi
747 2329 909 2418 cuiusque
925 2335 1099 2418 promptos
1114 2351 1212 2396 onrce
1230 2335 1290 2397 aut

214 2451 350 2504 rursum
366 2427 455 2520 apud
469 2427 623 2496 turbidos
637 2451 742 2518 eoque
757 2451 840 2497 nova
854 2431 1038 2520 cupientes.
1079 2432 1199 2520 Atque
1215 2435 1289 2524 ipse

215 2536 312 2608 edire
323 2531 502 2621 municipia
516 2529 658 2598 obscuro
673 2531 758 2612 diei,
779 2555 885 2623 neque
900 2536 1072 2624 propalam
1088 2537 1211 2626 espici,
1232 2559 1289 2604 ne·

214 2657 281 2734 qne
301 2639 428 2708 diutius
446 2633 552 2702 isdem
571 2635 669 2707 locis.
717 2635 785 2705 Sed
809 2639 887 2726 quie
906 2639 1031 2706 veritus
1044 2640 1118 2706 risu
1133 2647 1168 2705 ct
1184 2661 1289 2723 mora,

214 2749 303 2815 ielea
322 2739 536 2812 instinctione
561 2747 598 2806 et
626 2739 764 2806 incertia
787 2742 976 2824 valescunt,
1006 2743 1215 2830 relinquebat
1236 2745 1288 2810 ia-

217 2868 304 2916 mem
317 2853 375 2912 eut
388 2843 633 2933 praeveniebat.
675 2847 732 2913 40.
751 2841 967 2928 Vulgabatur
982 2845 1115 2912 interim
1134 2865 1196 2933 per
1214 2843 1287 2912 lta·

214 2951 297 3019 liam
317 2953 485 3014 servatam
506 2969 642 3015 munere
659 2947 757 3014 deum
776 2945 981 3038 Agrippam,
1006 2946 1205 3014 credebatur
1218 2949 1289 3018 llo-

217 3073 310 3134 mac3
336 3049 469 3136 iamque
481 3047 613 3116 Ostiam
628 3049 792 3117 invectum
807 3047 987 3118 multitudo
1004 3050 1138 3137 ingens,
1165 3049 1231 3118 iam
1252 3051 1286 3119 in

215 3155 300 3226 urbs
314 3147 515 3222 clandestini
527 3160 643 3219 coetus
656 3151 879 3235 celebrabant,
894 3175 969 3220 oum
975 3151 1149 3222 Tiberium
1163 3175 1285 3240 anceps

222 3287 238 3301 Ἰ
281 3313 312 3366 0.
326 3313 371 3365 89.
403 3307 503 3390 Occidit
520 3306 595 3389 lulli&
611 3309 700 3388 ΨΜ).
713 3309 749 3392 V:
764 3322 792 3372 p.
805 3309 866 3394 iii.
887 3281 957 3378 pmii
975 3306 1003 3363 di
1016 3303 1179 3363 Homiaivsor
1193 3303 1285 3392 Καδο-

245 3375 389 3506 15·ng
398 3373 584 3500 'memmio
602 3392 650 3444 cns
665 3373 820 3446 dcterrps·
843 3384 899 3434 cccl
912 3375 941 3432 dd
955 3375 985 3432 ir
995 3376 1089 3446 κόλπῳ
1099 3375 1195 3448 floccis
1213 3392 1286 3447 opp-

263 3569 295 3621 o.
309 3567 354 3622 ee.
376 3563 639 3634 sumturctneree]
656 3567 731 3630 ouc-
822 3569 1016 3638 relinquebat]
1040 3569 1099 3621 lion
1111 3565 1166 3620 alte
1188 3565 1287 3620 Ablbet

214 3652 246 3693 re
263 3631 335 3689 ioci
361 3647 395 3686 en
409 3647 444 3685 ne
455 3637 591 3687 consiccet
602 3649 635 3688 co
647 3647 730 3702 ergu-
772 3641 818 3690 vel
842 3653 902 3690 cunr
923 3639 1086 3700 inciperetur
1105 3635 1215 3703 spargi,
1239 3635 1287 3686 rei

215 3715 304 3760 nenio
317 3713 447 3757 nortuum
461 3705 629 3772 Postumum,
653 3719 730 3770 quem
772 3708 925 3771 priusquam
937 3717 1112 3772 spargeretur
1122 3715 1214 3758 rumor
1226 3715 1288 3756 eun

214 3777 309 3828 vlrun
330 3775 378 3824 llle
396 3781 424 3823 ci
443 3783 474 3822 sc
487 3785 550 3824 esse
563 3773 637 3823 credi
651 3775 730 3825 vole·
771 3777 878 3826 edesse.
903 3775 994 3826 (ison.

214 3840 283 3898 irati
305 3855 340 3895 nn
351 3841 650 3894 cammtcmdomlnum
663 3843 730 3894 iecit
822 3843 852 3894 G.
871 3840 915 3894 40.
957 3839 1149 3902 celebrabant]
1179 3836 1287 3904 Duplici

212 3913 316 3966 ccsllbl
329 3906 503 3975 sepulturuei
517 3913 597 3963 bine.
623 3915 665 3962 An
679 3915 729 3962 de·
769 3923 852 3962 sensu
889 3911 1088 3976 accipiendum
1132 3909 1287 3961 muttttndo

211 3984 292 4046 nique
311 3980 517 4046 superstitione,
540 3989 570 4031 ut
582 3979 634 4030 siri
645 3981 728 4032 ultio·
770 3977 905 4031 Ostiensis
916 3981 1080 4033 clementem
1093 3979 1247 4043 inruentis
1259 3983 1287 4026 ec

211 4065 271 4104 nen
291 4049 397 4104 eudemi
415 4048 531 4106 uuninle
544 4049 633 4104 incur
645 4052 729 4104 etes-
769 4053 952 4118 omumaudo,
975 4050 1140 4115 comitando,
1158 4045 1286 4109 enganno

211 4115 295 4178 senti
320 4121 410 4176 bonu·
769 4117 945 4192 erroneo,
962 4115 1285 4176 miserrumum·
