2814 4806
330 259 433 336 trs.
452 259 523 334 lll.
564 257 863 338 cents-1⁷.
1065 259 1131 336 ΙΙΙ

56 473 219 544 sequere,
238 489 283 506 ·-
302 453 339 522 ni
361 453 476 522 elusus
495 472 516 519 s
535 449 657 522 sesne
668 467 730 538 per
743 471 827 520 reue
842 448 1011 540 punisse
1022 445 1181 530 lorettrt.
1401 517 1402 568 q

55 585 119 628 neo
138 561 234 628 illurn
256 562 374 644 sponte
391 555 610 638 exstineturn,
629 573 744 624 vernus
759 554 1135 644 inmissopertussore.
1401 573 1402 644 ξ

58 665 212 752 Quorum
234 666 390 728 neutrum
414 659 691 730 moererererirnt
724 680 831 746 neque
847 666 959 726 nmen
980 657 1132 726 ossulero
1401 657 1402 744 l

57 767 160 836 debui
177 773 352 834 narratum
372 761 416 830 el)
431 763 494 844 iis,
517 762 575 849 qui
588 767 738 832 nostrenr
756 760 976 832 edissertem
991 757 1133 828 durare-
1401 759 1402 776 ²

4 907 7 986 q
59 877 151 938 runt.
202 867 330 940 Geeeer
348 867 436 934 floro
457 866 492 934 in
517 863 719 934 moestitiam
743 889 821 949 ore,
855 885 950 932 suem
973 861 1133 932 uvida-

60 975 122 1042 teli
135 979 245 1040 morte
258 969 442 1059 quaesitam
456 967 544 1058 opud
559 976 710 1036 sonetum
726 969 748 1013 ¹⁸
763 969 800 1052 *ς
821 965 1015 1054 crebrisque
1029 964 1135 1034 inter-

60 1075 292 1163 rogationibus
314 1072 477 1160 exquirit,
505 1072 636 1161 quelem
658 1070 740 1140 Piso
760 1071 847 1140 diem
868 1089 1058 1161 tupnmunr
1074 1089 1135 1136 re-

4 1209 5 1220 *
61 1190 216 1267 stetuqne
229 1175 407 1262 exegisset.
448 1175 567 1262 Atque
581 1177 641 1244 illo
653 1169 815 1263 pleneque
827 1177 1012 1264 sapienter,
1032 1192 1136 1260 qner-

61 1283 139 1350 detn
154 1277 377 1372 iuqousultius
390 1276 627 1368 respondente,
652 1277 775 1346 reeitat
787 1276 961 1346 oodioillos
975 1297 995 1343 a
1009 1274 1138 1348 Puero

62 1387 97 1458 in
118 1385 207 1452 huno
226 1383 331 1448 ferme
351 1380 484 1451 modurn
504 1380 718 1472 eonpositos.
760 1377 1046 1470 „Consolatione
1069 1377 1136 1446 ini·

4 1485 6 1500 '
61 1489 223 1556 nieorum
249 1490 285 1552 et
311 1481 436 1550 invidis
460 1485 540 1556 lelsi
560 1483 711 1552 oriminis
732 1505 934 1574 oppressus,
966 1489 1135 1570 quolenus

61 1589 196 1658 ueritati
216 1593 252 1654 et
270 1586 476 1656 innoeentiee
492 1607 583 1659 neree
598 1607 760 1674 nusquem
772 1588 869 1656 loeus
881 1593 953 1667 est,
973 1585 1056 1654 deos
1070 1588 1136 1652 inr-

61 1693 223 1760 mortales
243 1695 353 1759 testor
371 1689 494 1758 vixisse
512 1712 585 1770 rue,
613 1688 757 1770 (leesor,
781 1711 856 1756 eum
876 1687 942 1756 fede
958 1687 1135 1758 adversere

62 1805 120 1875 te,
148 1815 252 1880 neque
268 1793 335 1868 elie
353 1791 388 1860 ln
405 1800 545 1862 rnetrern
561 1801 652 1860 mem
668 1793 812 1882 pistete3
838 1790 974 1881 vosqus'
986 1813 1064 1874 oro,
1090 1792 1136 1860 li-

63 1898 159 1966 lteris
179 1896 259 1964 nteis
278 1897 484 1976 tumuletis,
508 1917 548 1964 ox
568 1896 689 1986 quibus
712 1897 846 1966 Gnaeus
863 1894 946 1964 Piso
961 1897 1136 1984 quelioun-

4 2063 5 2068 ,
64 2023 130 2090 que
142 2001 296 2068 lentunee
311 2019 404 2066 mese
415 2021 481 2066 non
495 2005 548 2066 eet
560 1997 753 2081 ediunetus,
777 2021 851 2068 eutr
867 2021 963 2070 omne
976 2001 1038 2068 hoo
1050 2009 1136 2068 tesn-

66 2127 132 2195 pus
154 2103 187 2172 in
207 2105 290 2173 urhe
308 2102 432 2187 egerit,
456 2102 591 2170 Morsus
604 2099 686 2172 Piso
699 2110 850 2190 repetere
865 2099 999 2172 Surism
1017 2102 1138 2170 dehor-

66 2215 159 2276 tetus
181 2213 245 2276 eet.
287 2211 390 2292 etque
407 2205 533 2274 utinm
556 2225 616 2290 ego
629 2206 743 2296 potius
758 2205 828 2274 filio
840 2207 951 2276 iuveni
964 2227 1064 2294 quern
1076 2207 1136 2272 ille

66 2310 155 2402 petri
175 2308 248 2378 seui
266 2308 443 2376 cessissetl
485 2331 524 2376 eo
537 2308 719 2397 impensius
732 2331 870 2397 pronon,
896 2331 937 2377 ue
952 2331 1044 2376 mere
1058 2331 1139 2398 pru-

65 2413 180 2482 vitetis
194 2433 317 2500 poenes
332 2409 485 2478 innoxius
498 2414 584 2480 luet.
626 2408 693 2480 Per
707 2411 853 2498 quinque
867 2417 903 2478 et
914 2410 1137 2499 quodraginta

64 2537 227 2584 annorum
246 2513 461 2600 obsequium,
486 2535 547 2604 per
563 2515 739 2600 eolleginnr
760 2516 954 2582 oonsuletue
969 2512 1138 2602 qnondam

66 2619 144 2686 diro
165 2617 324 2704 Augusto
345 2615 477 2704 parenti
494 2623 554 2684 tuo
570 2617 750 2704 probetne,
769 2623 806 2684 et
823 2617 887 2686 tibi
901 2617 1046 2696 otuinus,
1074 2635 1137 2682 neo

65 2723 245 2810 quiequam
264 2724 344 2807 post
361 2720 441 2785 leaeo
461 2727 640 2807 rogaturus
646 2763 660 2798 ,
688 2721 831 2787 sulutem
848 2719 992 2786 inleliois
1004 2719 1067 2784 lilii
1081 2739 1138 2784 ro-

67 2829 153 2912 go.“
203 2827 257 2893 17.
284 2823 339 2890 De
358 2822 519 2892 Pleneine
540 2823 623 2890 nihil
641 2821 784 2892 eddidit.
832 2820 918 2890 Post
934 2841 1018 2910 queo
1034 2820 1138 2889 Tilre·

124 2999 201 3064 apud
225 2997 366 3059 senatum]
393 3001 468 3052 lleee
488 2998 582 3052 neutile
623 2995 798 3050 insectatione
813 3006 840 3051 et
852 2997 954 3052 invidis
967 2997 1140 3063 pronuntiate

68 3079 143 3120 suut.
178 3068 353 3118 Probabiliter
368 3069 488 3132 explevit
505 3072 582 3120 lecu·
623 3063 746 3119 relert.“

70 3153 132 3192 nero
145 3138 283 3188 Ritternse
304 3137 406 3188 Marco
419 3139 519 3190 Ρίεοηο
532 3152 582 3188 co·
672 3137 827 3202 quotenus]
851 3135 904 3187 Pro
919 3136 1062 3203 questum.

71 3221 149 3268 raso,
172 3206 309 3273 queritur
323 3209 374 3256 eto.
391 3207 494 3258 addito:
515 3209 583 3272 „Ex
673 3205 846 3266 cumuletis]
868 3207 902 3256 ll.
914 3221 940 3260 e.
952 3207 1087 3270 putetis,
1107 3206 1141 3256 ut

70 3287 161 3327 nostre
186 3275 237 3328 loci
265 3273 434 3326 restitutione
459 3283 583 3338 teperet,
623 3287 649 3328 e.
662 3271 706 3326 40.

72 3345 131 3408 quis
150 3343 197 3396 ille
215 3343 269 3409 sit,
290 3345 358 3393 uude
372 3343 487 3408 exquirit
502 3345 581 3394 'libe-
675 3344 835 3411 consuisset]
861 3345 1037 3396 Nenconsut
1050 3344 1142 3393 lueret

71 3415 137 3479 rius,
154 3413 260 3476 qualem
272 3411 335 3462 Piso
348 3411 417 3462 diem
431 3427 582 3476 supremum
623 3411 688 3464 Piso
702 3426 763 3466 oum
775 3417 896 3478 Augusto
916 3426 941 3464 e·
955 3428 981 3462 u.
996 3413 1057 3464 7³1.
1087 3409 1142 3460 Dio

71 3492 226 3544 noctemque
239 3481 390 3544 exegisset,
406 3490 582 3546 superetque
623 3483 705 3546 mn,
722 3483 767 3534 30.
789 3483 945 3543 Quanquam
958 3478 1060 3530 Tiberii
1072 3490 1141 3541 quo-

71 3552 208 3600 rel'erstur
224 3561 369 3611 pronomen
393 3547 457 3614 tlte,
485 3550 582 3614 quique
623 3563 675 3612 qus
688 3550 715 3600 in
729 3551 871 3602 eonsuletu
883 3551 988 3612 college
1005 3547 1058 3599 luit
1072 3559 1098 3599 r·
1112 3559 1140 3598 ιι.

72 3618 180 3670 Pisonis
200 3617 305 3670 litteras
320 3616 433 3680 princip!
451 3619 582 3670 nouerit.
623 3614 685 3672 746.

70 3689 148 3748 Quod
176 3685 280 3736 luvenls
303 3687 366 3736 Plso
391 3687 517 3750 uteroque
536 3699 584 3738 stt·
676 3680 1140 3743 c.1⁷.otttte‹tttstt]outsss-

70 3757 195 3818 pientes,
211 3756 339 3816 querelem
350 3755 526 3808 inconsultius
540 3755 584 3806 in·
626 3753 735 3818 gregori
752 3765 770 3804 e
794 3751 890 3805 nerito
911 3761 940 3803 et
957 3751 1140 3803 retentorem

70 3819 584 3887 terrogrntiriberiorespouttssertet-
625 3823 747 3874 distorre
766 3830 908 3886 coeperet,
936 3833 962 3870 e.
977 3819 1020 3870 ts.
1052 3821 1140 3872 liner.

69 3895 131 3957 tor,
153 3892 244 3954 priore
256 3893 386 3952 pertinent
400 3895 435 3944 ed
448 3905 497 3957 se,
513 3905 584 3957 queo
625 3892 717 3954 Neque
730 3901 782 3952 quo
796 3903 855 3941 earn
867 3890 1038 3952 subleverst,
1059 3901 1141 3952 quern

69 3961 149 4018 ottus
174 3973 193 4012 e
216 3967 294 4022 petre
313 3963 416 4012 nonore
436 3963 469 4010 de
485 3959 585 4012 uisertt
626 3959 679 4014 len
694 3960 788 4010 odoret
806 3968 835 4008 ut
855 3958 998 4023 nemeen,
1023 3970 1091 4021 ques
1111 3957 1140 4010 iu

68 4027 193 4080 orations
210 4029 331 4091 orolets,
358 4031 447 4082 altere
465 4032 501 4080 od
525 4029 584 4094 ille,
624 4028 757 4080 temnunt
771 4037 857 4080 truse
870 4026 1050 4078 defensionen
1067 4026 1140 4080 divi·

69 4111 137 4162 quoe
150 4099 186 4152 etr
198 4099 289 4152 eodem
305 4093 367 4152 cun
380 4097 471 4164 ettque
485 4095 588 4166 liberii
626 4098 710 4152 sisset
715 4111 726 4163 3
753 4109 839 4162 neque
858 4104 888 4150 nt
905 4091 1055 4166 omnent,
1079 4109 1142 4152 sure
