2870 4804
268 267 337 350 610
649 257 966 344 eurietion
992 309 996 316 ·
1093 305 1095 312 .

213 463 403 537 eeteveret
431 475 531 546 mem
551 451 852 530 teinmlumiere
873 459 1012 544 domne,
1045 465 1081 530 et
1101 481 1145 530 en
1166 463 1347 554 mutilis

263 564 381 647 nero,
417 583 459 629 en
481 561 627 647 eognitio
650 571 788 632 unetos
811 564 897 632 nihil
917 573 1014 632 etrox
1033 565 1180 638 offerret.
1232 568 1347 656 Igitur

267 669 375 738 eoeite
394 671 448 734 eet
470 661 505 731 in
527 673 698 750 senatum,
727 674 962 758 steteruntque
976 667 1121 750 diversi,
1143 678 1219 738 unte
1235 665 1347 742 rrii'u-

264 774 323 842 nel
341 769 514 839 consulum
529 768 665 854 grundis
681 793 761 838 eero
782 794 923 860 parerer
953 773 1165 855 conterinis,
1187 774 1278 842 intro
1296 778 1347 844 vi-

265 877 427 944 eeeirnurn
449 873 570 938 oetttie
590 893 728 956 ennom,
750 895 858 964 nuper
874 875 996 944 merito
1010 876 1127 944 Annio
1139 873 1294 946 Pollione
1309 880 1346 948 in

266 981 404 1048 exilium
425 976 526 1066 pulso
545 975 681 1047 viduato
697 975 932 1067 desolatoque,
954 1000 994 1045 eo
1008 1001 1050 1046 ne
1063 987 1192 1070 petrem
1207 981 1346 1069 quiden

264 1083 418 1163 intuens,
454 1078 550 1146 ouius
569 1099 730 1148 onerasse
751 1080 902 1172 perieule
925 1081 1115 1156 videbatur.
1168 1088 1224 1154 31.
1251 1085 1345 1156 Tum

263 1187 492 1271 interrogante
506 1194 721 1266 ooouentore,
742 1183 1075 1268 susurrationes,
1097 1205 1139 1252 on
1155 1185 1343 1257 detructum

263 1290 386 1360 eereiei
411 1286 534 1354 monile
555 1307 674 1354 venum
695 1285 864 1370 «ledisset,
892 1309 961 1376 quo
983 1290 1157 1379 peeuniem
1179 1289 1342 1358 leniendis
1412 1359 1413 1362 ,

262 1393 403 1482 magieis
418 1392 527 1460 enode
540 1389 770 1473 eontrelieret,
790 1393 934 1482 primurn
949 1399 1059 1460 strete
1073 1391 1164 1460 humi
1176 1393 1342 1480 longoque
1412 1407 1413 1450 1

263 1499 346 1567 lietu
365 1503 401 1564 et
419 1494 573 1576 silentio,
599 1499 677 1584 post
691 1495 812 1562 alterio
828 1503 863 1563 et
884 1517 976 1564 erem
991 1497 1180 1585 eomplexe,
1205 1495 1343 1578 Nullos,

263 1601 393 1692 inquit,
421 1597 545 1690 impios
565 1595 665 1678 deos,
695 1595 805 1666 nullae
819 1597 1029 1681 devotiones,
1050 1619 1110 1664 nee
1124 1595 1216 1665 eliud
1229 1597 1342 1665 infeli·-

263 1706 361 1780 eibus
382 1701 540 1794 panone
559 1700 728 1784 invoewi,
754 1723 854 1792 quern
870 1710 910 1768 ut
926 1703 1012 1770 hune
1028 1702 1187 1792 optimum
1207 1708 1341 1792 petrem

262 1815 315 1892 eu,
335 1806 474 1889 censer,
494 1827 567 1888 voe,
589 1811 715 1894 petros,
737 1805 918 1875 servaretis
934 1806 1145 1876 ineolumem.
1186 1807 1236 1871 eie
1250 1825 1341 1890 gern-

263 1931 338 1978 reoe
352 1917 388 1976 et
402 1917 515 1978 vester
530 1916 565 1976 et
581 1907 755 1994 dignitatis
769 1911 913 1998 insignio
928 1909 1017 1994 dedi,
1039 1906 1203 1998 quomodo
1217 1909 1249 1975 ei
1262 1930 1341 1976 eun·

262 2012 396 2098 guinem
411 2019 448 2077 et
460 2011 562 2077 vitem
578 2015 823 2100 [reposuissent.
865 2011 1012 2084 viderint
1023 2012 1103 2094 isti,
1126 2012 1262 2079 entehee
1277 2011 1341 2078 rni-

263 2114 301 2182 lii
321 2112 447 2200 ignoti,
469 2133 536 2200 quo
556 2116 689 2180 nomine
710 2116 799 2198 sint,
825 2137 911 2204 quoe
930 2123 1021 2185 ertes
1035 2125 1225 2184 exererent:
1246 2116 1340 2184 nesse

263 2216 346 2286 inihi
365 2216 528 2306 prineipie
550 2215 675 2284 mentio
693 2218 761 2285 nisi
782 2219 872 2286 inter
890 2223 1026 2293 numine
1046 2221 1124 2292 luit.
1164 2219 1274 2286 neeoit
1286 2227 1340 2286 te-

258 2341 339 2389 rren
362 2319 571 2386 rnieerrimne
590 2327 704 2407 peter3
737 2329 773 2388 et
798 2321 829 2388 ei
851 2321 979 2392 crimen
998 2329 1070 2404 eet,
1100 2325 1172 2391 eolo
1197 2322 1338 2411 deliqui.

260 2427 320 2496 32.
347 2422 536 2512 Loquentis
552 2422 658 2492 elluo
672 2424 772 2494 verbe
786 2426 911 2516 exeipit
926 2427 1075 2497 Soranus
1088 2427 1337 2516 proolemetque

116 2575 120 2592 .
260 2549 328 2597 non
340 2528 435 2596 illem
449 2529 486 2594 in
499 2529 701 2616 provintiam
719 2551 831 2598 seeum
847 2531 1044 2618 protentum,
1063 2551 1128 2599 non
1141 2527 1262 2598 Plauto
1275 2547 1337 2616 per

260 2638 407 2700 eetetenr
421 2631 517 2699 nosei
529 2631 698 2722 potuisse,
720 2654 785 2701 non
797 2635 993 2704 criminibus
1008 2635 1123 2702 meriti
1140 2649 1337 2700 oonuexenr:

260 2737 383 2804 nimine
396 2741 527 2803 tentum
541 2735 678 2824 pietatis
691 2758 781 2804 reem
798 2745 1004 2828 seponerent,
1019 2745 1120 2828 etque
1133 2735 1206 2826 ipee
1220 2755 1338 2822 quein·

259 2859 391 2930 eurique
415 2847 541 2907 sortem
562 2837 705 2911 subiret.
753 2840 863 2911 Simul
882 2841 918 2910 in
938 2841 1110 2932 amplexus
1129 2837 1338 2907 occurrentis

259 2941 351 3010 filine
373 2941 513 3022 ruebet,
532 2975 577 2992 —·
598 2943 664 3010 nisi
675 2943 843 3012 interiecti
856 2946 995 3014 littores
1010 2945 1164 3034 utrisque
1180 2941 1337 3009 obstitis-

259 3053 349 3118 unt
389 3045 469 3114 Mox
487 3045 587 3113 detur
605 3045 751 3116 ustibus
772 3049 887 3132 looue;
914 3056 950 3116 et
971 3057 1133 3138 quantuni
1145 3045 1336 3112 miseriror-

259 3149 336 3218 diee
349 3148 490 3218 saevitia
502 3149 724 3218 esserationis
737 3157 958 3242 permoveret,
971 3157 1101 3220 tentum
1111 3153 1182 3220 irue
1190 3146 1335 3218 Publius

309 3295 418 3358 nuper]
442 3291 517 3346 inter
531 3291 701 3348 eoulurotoer
717 3291 775 3347 rid.
868 3293 1075 3360 implorares]
1105 3296 1178 3356 oure
1202 3293 1335 3344 invoeere

258 3361 323 3430 XV,
339 3363 385 3415 71.
816 3360 926 3428 inpium
939 3372 991 3432 eet,
1007 3368 1134 3416 externos
1146 3365 1222 3432 teos,
1237 3373 1335 3425 mege-

308 3429 473 3498 etrtebotur,
490 3429 551 3483 seii.
564 3429 627 3496 etot,
644 3429 662 3481 l.
676 3443 701 3482 e.
715 3429 776 3496 opl-
816 3445 876 3485 rum
888 3438 992 3486 tentem
1006 3433 1198 3498 superstitione
1214 3441 1333 3484 exente-

258 3501 391 3568 netetur,
414 3509 445 3551 ut
464 3503 525 3552 i'er.
538 3502 607 3552 iiun.
622 3501 680 3567 iii,
697 3503 773 3564 e,1.
816 3501 865 3554 biii
878 3505 977 3556 nultos.

258 3570 369 3623 Audire
380 3581 479 3624 vocem
494 3567 581 3622 otoo
594 3583 671 3623 eum
689 3571 774 3622 owoo
866 3571 899 3624 G.
919 3575 965 3625 ³2.
1012 3569 1200 3637 repararent]
1227 3571 1334 3620 leneus

257 3639 371 3692 mititte.
815 3646 874 3691 eet:
897 3641 1060 3705 seruarent
1078 3641 1154 3692 noto
1169 3647 1284 3689 eeeeorn
1297 3637 1334 3688 n-

309 3706 420 3762 oltorla
432 3708 464 3761 et
475 3708 574 3768 orum]
597 3706 665 3759 seii.
678 3709 773 3761 Vene-
814 3709 869 3761 lloo
888 3719 906 3759 a
926 3723 992 3774 eue3
1020 3717 1076 3761 tuin
1093 3723 1124 3758 ee
1146 3707 1229 3758 teolle
1247 3719 1281 3758 oo
1297 3705 1333 3756 ll-

257 3775 298 3833 rle
311 3777 481 3842 Genetrioie3
505 3778 565 3828 eins
579 3777 690 3828 enimin
703 3786 772 3829 tenr-
814 3779 909 3828 tenter
923 3791 1014 3830 ornnes
1029 3791 1130 3842 poenes
1146 3777 1332 3827 toleraturum.

257 3848 304 3908 pio
323 3857 433 3898 eenetne
453 3855 508 3898 turn
530 3845 653 3898 renites:
676 3845 732 3896 vii.
746 3859 771 3896 o.
813 3847 992 3900 observande
1016 3846 1152 3912 elegantia
1174 3846 1203 3896 in
1230 3849 1331 3912 done,

257 3915 303 3966 n.
325 3915 456 3968 Similiter
475 3915 546 3966 i’iin.
566 3914 632 3965 Pon.
653 3917 680 3964 1.
701 3917 771 3966 Ete-
815 3923 845 3966 nt
860 3917 888 3966 in
902 3915 1330 3978 iiieerenimininp.snetveep.

255 3984 419 4038 remouere
437 3986 552 4036 araret
570 3982 690 4036 alterio
723 3987 773 4035 Fet
815 3989 860 4036 19.
875 3985 994 4036 Ceratum
1006 3984 1328 4044 eitteeeteritudereet

258 4059 348 4104 erun
375 4055 482 4116 proprie
500 4055 598 4108 aiem
616 4065 681 4119 pers
706 4063 773 4106 eree
814 4053 1326 4122 acseeoieroeremrrnocemr.

256 4120 399 4190 emor,
419 4123 449 4177 iu
463 4135 518 4188 nne
526 4135 612 4178 nore
622 4123 772 4180 uiolentur·
814 4125 892 4182 ton.
