2868 4802
242 235 309 310 ssa
512 270 516 280 ·
626 215 936 304 Anaunion
1045 246 1050 255 ·

193 443 332 516 unques
351 423 530 490 s'iamuem
549 408 705 502 Mareu,
731 414 790 508 qui
803 419 932 488 moenia
946 421 1063 502 alluit,
1089 425 1192 508 posita
1204 427 1315 492 mans-

244 527 487 617 gredersutur,
511 525 576 592 sub
598 525 703 592 istum
723 523 908 592 detentore
942 527 1062 615 proerl
1080 531 1116 592 et
1136 527 1317 594 latioribus

244 631 344 702 sadis'
362 628 536 698 transiere.
584 632 640 698 40.
676 627 731 696 Ae
753 625 928 696 Tiridates
950 622 1077 718 pudore
1095 633 1131 696 et
1152 637 1244 697 metu
1263 653 1317 712 ne,

245 735 277 802 si
297 726 519 800 continuisset
537 729 836 810 sisiumminu
848 729 923 818 opis
938 732 1062 819 inipso
1076 731 1264 814 uideretur,
1284 735 1318 800 ai

244 835 455 928 prohiberet,
481 833 651 924 impeditis
672 834 758 900 loeis
772 841 923 920 s'equeet
934 842 1107 923 equestres
1119 835 1233 924 eopins
1247 837 1317 902 iui-

243 943 355 1026 garen
375 937 503 1004 statuit
513 946 682 1026 postremo
696 935 873 1004 mtendese
889 937 992 1006 aetem
1006 947 1040 1005 et
1055 937 1134 1004 dato
1146 937 1205 1006 die
1219 959 1317 1028 proe-

245 1043 330 1110 lium
345 1043 511 1129 insipere,
526 1042 581 1110 vel
594 1039 808 1108 simulatione
821 1040 919 1124 togae
934 1043 1044 1108 lorum
1059 1038 1172 1107 fraudi
1184 1061 1316 1128 perere.

244 1147 506 1232 lgiieru'epeute
520 1165 636 1230 agmen
648 1143 833 1212 Rerneuem
847 1143 1100 1226 circumfundit,
1121 1163 1187 1210 nou
1198 1145 1315 1231 ignaro

245 1249 331 1318 duee
344 1257 474 1326 noetus,
487 1249 546 1335 qui
562 1247 637 1314 viae
648 1247 823 1334 peniteret
834 1267 964 1336 pugneo
975 1253 1211 1333 eompoaueret
1222 1266 1317 1314 erer-

245 1353 362 1420 uitum.
403 1351 527 1418 Latere
543 1349 662 1418 dextro
677 1351 779 1418 tertio
792 1350 899 1435 legio,
919 1348 1059 1416 sinistro
1077 1357 1171 1418 sexte
1186 1351 1317 1418 insede-

242 1457 323 1537 nat,
344 1439 462 1520 mediis
476 1454 731 1522 decumanorum
747 1453 904 1534 delentis3
931 1458 1067 1540 sesopia
1080 1453 1170 1521 inter
1182 1455 1317 1522 ordines

246 1557 499 1646 impedimento,
526 1565 562 1623 et
581 1564 712 1641 tergum
735 1558 813 1624 mile
827 1555 958 1644 equites
977 1555 1173 1640 sasamon,
1195 1559 1316 1646 quibus

246 1665 414 1743 iusserat,
437 1667 477 1728 ut
489 1660 695 1726 instantibus
707 1659 860 1727 seminus
868 1659 1086 1740 resisterent,
1105 1661 1241 1746 seiuges
1252 1681 1317 1730 nor

248 1771 480 1853 sequerentur.
520 1762 561 1829 ln
574 1763 732 1831 eornibus
745 1761 848 1852 pedes
861 1762 1061 1848 sagittarius
1075 1771 1111 1830 et
1125 1771 1234 1830 uetera
1249 1787 1318 1830 na-

248 1869 480 1954 nusequitum
506 1865 598 1947 ibet,
626 1865 822 1958 pronunties
839 1885 944 1934 sorau
963 1866 999 1932 in
1015 1865 1158 1934 sinistro
1176 1887 1240 1956 per
1252 1869 1319 1936 ins

249 1971 405 2050 sollium,
432 1977 493 2052 ut,
522 1969 553 2035 si
573 1967 681 2036 hostis
701 1971 915 2050 intravisset,
941 1968 1054 2034 fronte
1073 1969 1176 2036 simul
1188 1975 1225 2035 at
1241 1972 1317 2036 sisu

249 2077 470 2163 exeiperetur.
513 2073 697 2139 Assultore
709 2095 749 2140 ex
765 2073 897 2142 diverso
910 2069 1104 2152 Tiridates,
1131 2093 1197 2140 neu
1211 2073 1328 2162 usque

139 2187 142 2196 ’
251 2176 295 2244 ad
315 2179 439 2242 ieotum
460 2174 539 2254 teli,
572 2173 633 2239 sed
652 2183 721 2240 tum
744 2177 901 2242 minitans
923 2183 993 2242 turn
1018 2175 1129 2264 speeie
1148 2179 1321 2266 trepidau-

247 2285 315 2360 tis,
341 2280 373 2345 si
390 2281 504 2344 laxare
523 2274 657 2344 ordines
672 2286 708 2345 et
719 2279 869 2347 diserms
883 2279 1069 2370 oonseetari
1082 2287 1208 2367 posset.
1250 2281 1319 2349 una

250 2381 336 2448 nihil
350 2381 537 2449 temeritate
551 2383 712 2463 solutum,
732 2403 792 2450 neo
807 2383 951 2470 amplius
964 2402 1064 2470 quarn
1079 2382 1209 2449 deourio
1220 2387 1317 2471 equi.

250 2495 322 2552 tum
345 2484 522 2552 audentius
541 2505 742 2572 progressus
761 2491 797 2551 et
815 2486 951 2573 sagittis
965 2487 1113 2553 ooniirus
1133 2493 1257 2554 osterna
1272 2487 1319 2554 ad

247 2589 446 2676 obsequium
465 2589 617 2676 exemplo
638 2587 845 2672 firmaverat,
873 2587 1070 2678 propinquis
1089 2591 1154 2655 iam
1173 2592 1321 2659 essoris

251 2691 428 2762 arnensis.
480 2693 538 2761 tl.
566 2688 613 2756 ut
634 2687 784 2758 comus
804 2699 916 2759 oestro
938 2693 973 2757 in
994 2693 1069 2758 loeo
1091 2700 1251 2777 metatus,
1278 2717 1323 2762 ιιι

250 2791 416 2882 expeditis
437 2791 625 2878 legionibus
644 2799 741 2859 noete
761 2794 928 2862 Arteuotu
948 2802 1104 2882 pergeret
1123 2793 1323 2886 obsidioque

250 2891 474 2962 eirsumdaret
494 2893 651 2979 agitavit,
679 2897 887 2964 oonoessisse
912 2897 994 2964 illue
1013 2897 1192 2966 'lirideteu
1216 2909 1324 2972 retus.

247 2995 328 3064 dein
357 2999 536 3085 postquam
563 2999 792 3086 exploratores
817 3002 963 3067 attulere
990 3003 1205 3092 longinquum
1230 3007 1322 3092 regis

249 3100 317 3168 iter
332 3105 368 3168 et
386 3095 478 3166 usui
491 3121 535 3165 an
545 3099 677 3166 *Albani
689 3107 884 3188 peterentur
898 3103 1080 3188 inoertum,
1097 3108 1207 3174 ionem
1222 3131 1324 3198 oppe-

249 3205 354 3287 riturp
386 3203 635 3293 praemissoque
649 3204 734 3270 levis
745 3219 934 3292 ermenus,
955 3229 1042 3297 quse
1060 3231 1174 3280 muros
1186 3211 1321 3280 interim

299 3377 390 3436 c.⁴0·
422 3379 566 3445 datodie]
597 3379 633 3428 Ut
652 3378 763 3442 1V,do.
806 3385 1118 3452 quodverumvidetur,
1140 3388 1323 3455 utliist.111,

248 3449 317 3504 dato
331 3453 469 3514 ternpore,
485 3445 764 3510 inopportunitate.
806 3455 850 3502 2².
884 3455 1035 3506 Primanus
1063 3455 1177 3508 henum
1201 3471 1324 3510 corneos

248 3523 313 3585 ngr.
328 3521 371 3567 ³3.
806 3527 975 3589 seraptenas,
1011 3529 1156 3577 nennium
1177 3531 1232 3582 Ma.
1257 3530 1322 3582 enit.

297 3586 377 3648 otas]
402 3582 512 3636 itineri:
529 3582 553 3646 1,
568 3581 611 3636 51.
627 3586 764 3640 incessit·
806 3589 863 3639 cie.
878 3593 910 3642 it.
925 3595 957 3644 D.
973 3593 1015 3659 ii,
1033 3595 1075 3645 5⁹.
1108 3595 1188 3646 Luer.
1204 3598 1246 3660 il,
1261 3597 1323 3650 ³88·

246 3672 301 3730 que
315 3653 418 3712 itineri
430 3655 460 3706 et
469 3653 590 3782 proelio.
806 3659 907 3712 Luoeu.
929 3663 995 3726 vlt,
1024 3667 1085 3724 317.
1116 3664 1142 3716 si
1172 3667 1232 3722 eolo
1264 3674 1324 3728 post

298 3725 471 3790 productior
509 3723 558 3773 int.
576 3735 671 3774 monus
687 3723 763 3794 equi·
805 3726 863 3776 tint
876 3727 1041 3782 distinxeris.
1065 3731 1120 3784 aut
1133 3735 1325 3798 productiore

248 3799 303 3843 tum
330 3794 506 3856 peditumque.
545 3791 670 3842 Getarum
700 3795 764 3842 tinet
805 3808 907 3854 cornu.

247 3863 398 3924 suspicari,
423 3873 515 3918 corno
532 3859 764 3924 emargtneirre·
857 3865 884 3916 si
902 3869 1020 3928 imore]
1049 3865 1079 3920 si
1098 3869 1209 3924 eiicere
1231 3879 1325 3936 posset

248 3929 345 3994 psisse.
380 3929 526 3987 Brevitetis
539 3929 644 3994 quidem
657 3929 682 3979 si
695 3929 764 3982 satis
807 3935 837 3984 ut
856 3937 969 3994 Romani
988 3935 1096 3990 ordines
1119 3939 1263 4006 texerent,
1290 3955 1325 3992 ae

246 3997 366 4048 retiisnns
379 3999 500 4059 taeitos,
515 4011 566 4051 sion
581 3997 677 4062 [insuit.
693 4001 765 4054 sns.
807 4003 903 4055 deinde
924 4007 982 4073 ipse
994 4005 1139 4060 distractos
1154 4010 1282 4076 persequi
1294 4015 1325 4063 et
1409 4007 1410 4060 1

248 4069 302 4118 its.
334 4051 414 4119 uenit
445 4067 617 4130 productior
646 4079 765 4137 cernon,
807 4083 906 4139 urgere
919 4079 1020 4141 posset.
1054 4077 1127 4130 Eur.
1409 4077 1410 4084 ’
