2862 4810
350 851 529 916 tLiBER
572 849 920 916 UNDECIMUS.

491 995 783 1052 cervinariam.

169 1099 301 1154 Valerius
319 1097 461 1150 Asiaticae
480 1100 578 1152 imude
597 1098 763 1150 Messalinae
778 1101 806 1151 et
818 1099 924 1152 Vitellii
942 1097 1083 1152 evertitur.
1117 1100 1175 1151 Ad-

101 1188 217 1256 vocatu,
230 1183 343 1252 praeerit
362 1185 455 1238 medua
476 1197 527 1250 pru
545 1184 695 1250 panaciam
706 1184 842 1236 definitur.
874 1185 1032 1238 Parthorum
1046 1183 1177 1238 rcainte-

102 1275 176 1328 stinu
195 1285 289 1338 regum
311 1269 425 1336 discidia
443 1270 578 1322 turbatae.
610 1270 679 1322 Ludi
693 1273 852 1322 saeculares
866 1273 968 1324 Romae
981 1269 1055 1320 editi.
1089 1271 1179 1322 initte-

102 1373 152 1412 rae
166 1368 224 1410 tres
236 1368 324 1408 nuvae
336 1367 354 1406 a
368 1351 479 1405 claudie
491 1363 633 1424 repertae,
653 1361 681 1404 et
695 1367 729 1408 ea
741 1355 885 1408 occasione
902 1359 936 1407 de
955 1356 1048 1420 primis
1069 1355 1177 1408 litteris.

102 1445 191 1498 ltaius
214 1437 359 1494 cheruscis
381 1451 431 1490 rcx
452 1437 606 1502 imponitur.
640 1437 755 1492 carbula
767 1440 888 1492 interiori
902 1441 1063 1494 Germaniae
1077 1442 1178 1505 praeti-

103 1530 191 1596 eitur‚
214 1533 243 1578 et
260 1526 347 1589 ipsam
366 1521 530 1587 nitieenque
548 1535 648 1575 severe
666 1525 746 1590 regit.
779 1523 890 1578 (turtius
905 1529 993 1579 liuius
1005 1527 1179 1592 triumphalia

102 1613 269 1679 amiitat,
284 1611 441 1675 dequeipeu
454 1605 525 1662 viru.
557 1609 598 1662 De
610 1613 782 1675 quaesturam
794 1625 905 1666 munere
915 1621 944 1664 et
956 1627 1075 1666 nunrerc.
1108 1615 1179 1666 Gai-

102 1703 160 1754 iiae
179 1710 304 1764 proceres
317 1697 361 1748 ius
374 1695 481 1759 pienum
493 1693 616 1746 civitatis
627 1697 765 1750 Romanae
778 1689 970 1760 adipiscuntur.
1002 1699 1115 1752 Patricii
1126 1713 1178 1752 au-

104 1795 212 1856 gentur.
237 1785 364 1834 Lustrum
377 1780 507 1833 evaditur.
532 1782 680 1834 Messalina
693 1782 903 1846 impudicissime
914 1785 1082 1857 feminarum,
1101 1799 1179 1840 ama-

105 1887 137 1927 re
151 1882 263 1938 vecors,
281 1867 351 1919 Gaio
365 1863 432 1916 sitio
445 1867 537 1930 palam
550 1867 635 1920 nubit.
668 1867 725 1919 Res
737 1869 772 1920 ad
786 1867 927 1920 Claudium
940 1871 1074 1942 defertur,
1093 1873 1138 1938 qui
1152 1872 1180 1926 in

105 1969 217 2012 uxerem
230 1963 257 2005 et
270 1952 441 2006 administrae
454 1949 592 2002 libidinum
604 1952 720 2016 impulsu
734 1953 889 2005 libertatum
903 1955 1101 2008 animadvertit.

175 2043 252 2094 naec
273 2045 352 2104 geete
368 2036 448 2091 anuh
466 2037 526 2088 iere
539 2039 657 2106 duetus,
675 2037 746 2090 Gaio
756 2039 868 2091 Valeria
880 2039 1002 2095 Asiatica
1015 2045 1108 2097 Marcu
1120 2043 1182 2098 Va·

108 2127 324 2194 testanteesaia,
340 2125 412 2178 Auia
425 2120 539 2176 Vitellia
551 2123 636 2174 Lucio
648 2122 784 2190 Vipstano
796 2126 962 2180 ramalibus.
1126 2125 1129 2132 '

212 2413 246 2480 1.
273 2406 295 2451 *⁸
309 2427 385 2474 num
400 2404 575 2497 Valeriam
589 2408 799 2491 Asiaticum,
819 2407 874 2478 bie
888 2411 1077 2493 euneulem,
1097 2411 1348 2488 iuis-(anton.)

110 2538 148 2588 ae
160 2511 326 2604 quandam
339 2507 527 2580 adulterum
536 2511 609 2580 aius
622 2510 783 2596 credidit3
805 2513 997 2602 pariterque
1009 2513 1117 2582 hortis
1132 2515 1185 2580 in-
1213 2507 1278 2564 QG·
1287 2504 1331 2559 ⁴⁷·

110 2623 226 2703 hiant,
251 2637 336 2705 quus
359 2615 418 2682 illc
438 2637 458 2680 a
478 2613 621 2682 Lucullo
643 2623 781 2705 adeptae
802 2615 927 2704 insigni
940 2617 1186 2701 magnificentia

112 2719 313 2800 extollebat,
341 2715 498 2785 Suillium
516 2720 711 2786 accusandis
731 2719 884 2808 utrisque
901 2719 1066 2789 immittit.
1109 2718 1187 2788 Ad-

112 2825 266 2913 iungitur
288 2819 442 2891 Sosibius
464 2819 651 2890 Britannici
673 2819 851 2904 educator,
881 2824 940 2912 qui
960 2845 1021 2914 pcr
1041 2823 1188 2914 speciem

114 2925 357 3000 benivolentiae
383 2935 533 2994 munerat
554 2921 732 2994 claudium
760 2946 877 2992 cavare
897 2928 963 2995 vim
985 2932 1086 3016 atque
1106 2949 1188 3018 apae

115 3029 323 3126 principibus
336 3029 499 3112 inieneue3
520 3029 736 3118 praecipuum
748 3037 915 3098 aucturam
929 3029 1122 3100 Asiaticum
1138 3035 1189 3100 in·
1269 3027 1275 3040 '

115 3129 302 3208 tcriicieadi
310 3129 477 3215 Caesarie,
497 3155 563 3202 nun
575 3135 770 3202 extimuisse
785 3137 974 3204 concinnem
989 3140 1107 3228 pepuli
1120 3137 1190 3205 Ru·

186 3309 219 3362 0.
232 3313 257 3363 1.
295 3319 402 3362 cauere
418 3307 451 3359 (i.
485 3309 524 3360 Ac
540 3311 595 3362 Ma.
612 3309 729 3379 maeri,
751 3313 844 3364 eaden
861 3312 967 3377 passivi
984 3321 1137 3376 structura,
1160 3316 1193 3360 ut

154 3381 240 3447 xvi,
256 3377 300 3430 at.
322 3377 438 3432 Placeat
451 3379 621 3443 pertentari
636 3381 762 3433 mimam
779 3381 917 3435 retortia.
950 3385 986 3434 Et
996 3385 1141 3446 lequuntur
1152 3375 1194 3430 ita

154 3450 200 3514 qui
215 3451 330 3501 obscure
347 3447 448 3514 aliquid
464 3447 634 3515 significant,
659 3459 688 3501 ut
708 3451 750 3501 iric
768 3451 905 3518 Sosibius,
929 3451 974 3514 qui
991 3449 1018 3500 in
1036 3449 1194 3499 uuiversum

154 3519 241 3572 rerba
255 3517 366 3570 iaciunt·
399 3517 441 3568 De
457 3519 559 3572 metri
574 3521 613 3570 ci.
628 3519 700 3570 ilisa.
716 3519 746 3586 1,
764 3521 808 3570 86.
831 3519 891 3588 111,
909 3519 952 3570 tfl.
977 3519 1027 3586 iv,
1043 3517 1088 3571 71.

172 3672 243 3726 (3.1.
274 3683 343 3723 eccm
356 3669 462 3726 cuinam
476 3673 518 3726 rei
530 3677 641 3726 demon·
733 3671 873 3736 credidit]
901 3671 1068 3742 Messaima,
1089 3667 1198 3726 cunuti

123 3743 253 3794 strandae
266 3739 434 3807 inservierit,
450 3757 485 3795 ex
494 3743 640 3814 uteru,
683 3741 750 3806 inp.
762 3753 838 3794 uxor.

123 3810 161 3863 27
178 3809 313 3861 conticere
326 3811 465 3864 nonlicet.
734 3812 896 3864 condecent
918 3813 973 3864 Ma.
1004 3807 1037 3862 tet
1067 3807 1202 3866 uceticae

179 3878 254 3940 aitte]
288 3879 431 3944 Poppaeae
451 3879 584 3938 sabinae.
608 3883 642 3932 de
685 3879 720 3933 a.
743 3879 847 3946 Oeceiu
862 3881 954 3932 autem
969 3879 1067 3932 dicitur
1079 3879 1203 3932 multitu-

124 3945 279 4014 quaxl11,
292 3943 336 4002 43.
351 3946 394 4002 tt.
418 3947 491 4001 Filia
504 3949 555 4000 ruit
569 3949 642 4016 Pup·
684 3951 720 4002 du
732 3947 782 4002 iiia
795 3949 823 4000 in
835 3950 918 4002 caede
930 3947 1073 4016 Caligulae
1087 3947 1205 4000 citatim-

125 4015 188 4081 paci
206 4016 316 4084 Sebini,
340 4021 418 4070 cuius
438 4019 643 4086 mentiedtvi,
686 4021 759 4070 tusa.
783 4019 848 4072 vid.
868 4017 902 4070 ii.
916 4017 975 4086 111,
992 4017 1036 4070 68.
1067 4017 1206 4085 rieux,

127 4088 178 4154 39,
202 4087 348 4151 eademque
370 4097 461 4140 mater
479 4087 553 4138 iliius
573 4087 644 4154 rep·
689 4091 733 4142 30.
749 4079 1207 4172 s'rrsidtce'depvpcpcse'eiccpeir-

129 4167 233 4226 patae,
246 4169 320 4224 'quae
335 4155 550 4223 uucmnupett.
689 4173 751 4212 scta
779 4159 826 4211 cci
849 4149 1007 4214 tetam.
1032 4151 1208 4211 inamares-
