2838 4830
192 261 261 330 aio
577 252 890 325 anuinium

147 447 406 533 incompertum
425 461 445 508 e
465 439 651 530 traneiugie
669 445 855 530 nongentoe
874 440 1098 510 Romanorum
1115 437 1206 530 apud
1219 427 1275 507 ln-

197 571 293 629 oum,
316 567 412 634 quem
431 545 655 614 Baduhennae
678 553 815 628 vorant,
840 549 952 635 pugna
971 545 1008 612 in
1027 549 1201 635 porteru-
1216 565 1277 612 ex·

198 656 310 718 iraota
322 648 508 732 oonieotoo3
536 655 572 715 et
587 649 687 716 eliam
700 649 1018 738 quadringentorum
1038 669 1191 731 manum,
1217 669 1278 714 oe·

199 760 321 842 ennete
358 751 571 841 Cruptorioie
602 751 769 840 quondam
800 750 1012 841 stipendiarii
1039 750 1139 832 viiia,
1180 757 1278 840 poet-

83 863 86 870 '
200 875 300 944 quern
321 853 469 943 proditio
491 856 721 939 metuebatur,
749 857 875 924 mutuie
894 855 1017 923 iotibue
1041 852 1276 942 proenbnieee.

199 959 257 1025 ii.
286 955 423 1025 Clarum
444 957 522 1025 inde
537 957 627 1026 inter
644 959 829 1030 Germanou
851 959 998 1027 Frisium
1013 977 1151 1036 nomon,
1171 953 1278 1022 diaei·

201 1059 350 1124 muiente
363 1059 503 1128 Tiberio
518 1060 655 1143 damna,
674 1083 716 1129 ne
732 1061 787 1129 oui
800 1062 924 1130 belim
939 1061 1163 1151 permitteret.
1204 1057 1280 1127 Ne·

203 1181 269 1247 que
290 1171 428 1230 oenatue
449 1163 484 1232 in
506 1185 546 1232 oo
566 1185 668 1246 eura,
695 1185 738 1231 an
756 1165 890 1255 imperii
909 1171 1060 1232 extrema
1079 1161 1280 1228 dehoneeta-

203 1269 342 1332 reniur:
374 1287 481 1354 pavor
506 1267 658 1336 internae
683 1273 904 1359 aucupaverat
924 1267 1068 1349 animoa,
1095 1265 1151 1332 eni
1171 1285 1282 1332 rame

205 1364 298 1434 diurn
310 1366 502 1438 adulatione
514 1369 749 1458 quaerebatur.
790 1371 844 1441 lia
857 1392 1046 1460 quanquam
1064 1367 1208 1438 divereie
1221 1389 1282 1434 eu-

206 1491 269 1558 por
289 1469 390 1538 rebue
410 1475 682 1556 consularentur,
709 1495 802 1540 arani
821 1471 1035 1553 elementiae,
1057 1491 1148 1537 eram
1165 1469 1282 1536 amioi·

207 1574 287 1654 tiae,
308 1574 502 1664 eiiigieeque
514 1576 640 1644 eunom
654 1575 811 1646 Caesario
826 1597 864 1642 ao
879 1573 994 1642 Seiani
1008 1594 1184 1654 oanauoron
1205 1593 1281 1640 ore-

207 1674 346 1764 brieque
369 1679 525 1767 preoibue
548 1678 794 1767 efflagitabant,
820 1676 1016 1745 vieendioui
1036 1677 1164 1766 oopianr
1191 1676 1284 1742 faee-

209 1785 297 1846 roni.
346 1779 426 1850 Non
448 1781 502 1848 illi
519 1789 629 1850 tamen
650 1781 685 1848 iu
704 1783 820 1848 urbem
843 1788 902 1848 aui
922 1779 1110 1871 propinqua
1127 1779 1204 1846 urbi
1223 1777 1284 1846 do·

210 1879 321 1964 graeei
341 1892 440 1952 euni:
469 1885 556 1952 eatie
575 1885 683 1954 rieum
704 1885 858 1952 omittere
878 1884 1020 1952 ineula·
1035 1893 1072 1952 ot
1085 1883 1120 1950 in
1131 1883 1284 1973 proximo

212 1979 416 2073 Campaniae
446 1985 589 2075 edepioi.
647 1987 698 2055 Ee
719 1987 831 2055 venire
851 1994 985 2077 petros,
1013 2007 1135 2074 oquae,
1165 2007 1285 2072 magna

212 2105 295 2174 pare
314 2088 443 2178 plebia,
472 2091 561 2158 anxii
583 2112 661 2178 erga
683 2089 859 2172 Seianum,
885 2090 981 2157 ouiue
999 2087 1116 2156 durior
1131 2111 1288 2174 oongree·

213 2210 295 2272 aue,
324 2198 426 2282 atqua
444 2215 483 2260 eo
503 2216 565 2281 per
587 2194 747 2260 ambitum
769 2202 804 2261 et
824 2195 984 2260 eooietate
998 2191 1212 2259 consiliorum
1226 2215 1288 2281 pa-

215 2289 369 2366 rabatur.
413 2295 506 2365 Satio
519 2299 839 2366 oonetabatauetam
858 2296 890 2364 oi
910 2297 1133 2383 arrogantiam
1153 2293 1286 2362 foedum

214 2387 302 2462 iliud
331 2397 366 2464 in
391 2401 570 2489 propatulo
591 2401 764 2470 eerriiium
787 2399 966 2488 epententi.
1014 2399 1139 2488 quippo
1160 2397 1289 2466 Romae

216 2498 306 2567 eneti
331 2499 522 2583 diaeonus,
555 2511 591 2570 et
612 2503 839 2591 magnitudine
865 2501 960 2570 urbia
988 2501 1172 2582 inuentum,
1197 2499 1289 2588 quod

216 2603 360 2692 quiaque
381 2604 425 2674 ad
446 2607 613 2694 negotium
635 2615 773 2698 pergat:
800 2606 849 2674 ihi
862 2606 1164 2696 oampoautlitoro
1180 2605 1292 2670 iaoen·

217 2712 272 2774 tea
296 2710 389 2776 nulio
415 2707 626 2793 dieorimine,
652 2716 782 2778 nontam
803 2731 842 2776 ao
861 2707 949 2776 diem
963 2711 1057 2776 iuxta
1072 2708 1215 2794 gratiam
1230 2713 1291 2772 aut

218 2809 328 2879 iaeiue
352 2812 531 2882 ianitorum
550 2811 841 2904 perpetiebantur3
871 2809 975 2879 donee
997 2811 1034 2878 id
1053 2831 1188 2900 quoquo
1207 2811 1291 2878 voti-

289 2983 320 3034 c.
332 2981 376 3036 ri.
410 2984 541 3052 degressi
556 2989 666 3040 Erneet.
698 2991 735 3040 At
750 2989 807 3040 MS·
825 2983 966 3056 digressi,
988 2986 1072 3055 bene,
1095 2987 1195 3053 nivi,
1214 2987 1240 3038 i.
1255 2983 1293 3036 ln

275 3051 417 3116 ropinqua
438 3057 593 3123 dignareris.
635 3061 701 3121 Agr.
720 3060 747 3107 o.
777 3056 852 3110 Hine
874 3057 906 3108 in
934 3057 1058 3108 urbem
1087 3056 1291 3120 digreeaur.

282 3133 324 3170 am
340 3121 454 3188 digredi
472 3135 523 3174 non
540 3127 626 3176 eoinn
641 3128 675 3176 an
692 3125 847 3178 tonantius
860 3127 1041 3190 digredientes
1053 3124 1175 3175 dicuntur
1187 3131 1217 3172 uo
1229 3123 1293 3172 dia·

256 3189 376 3253 eadere,
398 3193 447 3240 aad
471 3193 593 3254 quoniam
615 3195 748 3260 ubngreoii
765 3197 920 3245 inusitatum
937 3195 1002 3258 inin,
1026 3203 1080 3246 tam
1096 3191 1290 3244 oieoedendo

254 3270 333 3322 quen
357 3258 541 3312 discedendo
563 3275 744 3327 eynouymnrn
765 3265 878 3314 naoeonr
898 3262 1023 3329 digredi.
1055 3261 1156 3313 Contra
1172 3259 1293 3326 degredi

255 3339 365 3391 anper
381 3331 559 3382 ascendendo
576 3333 739 3384 eontrarium
762 3335 822 3396 σείς
851 3333 965 3385 alitore
981 3333 1071 3385 eutem
1087 3331 1198 3384 Roman
1214 3339 1294 3381 neno

254 3397 417 3456 demetitur.
450 3401 540 3452 Doro.

289 3467 321 3518 ia
338 3479 448 3534 quoque
465 3471 595 3520 iiuretne.
628 3469 664 3520 Ao
681 3471 736 3522 iis.
752 3469 854 3535 idque,
878 3469 970 3520 eodem
987 3479 1088 3535 aeneo,
1112 3467 1147 3519 ed
1168 3462 1296 3518 einiiiiu-

255 3536 344 3588 iinon
362 3539 427 3590 edv.
443 3537 589 3604 iiodteque.
612 3539 739 3605 vio-vi,
757 3541 799 3590 ia.
811 3541 856 3590 ³³.

222 3671 288 3724 eiiii
310 3683 392 3726 vooeo
408 3674 571 3740 primorum
592 3676 738 3744 ordinum,
780 3683 855 3724 eant
878 3684 937 3722 non
955 3671 1078 3738 perinde
1095 3671 1176 3724 ieter
1188 3672 1298 3726 Romo-

221 3742 436 3807 admoturos.-
459 3746 494 3795 oi.
509 3745 553 3810 11,
573 3749 616 3799 ii.
779 3755 832 3794 noa
846 3740 966 3796 clormn.

268 3813 466 3874 stipendiarii]
476 3815 527 3874 Qui
535 3812 737 3877 etipendiaoiim
831 3821 865 3861 eo
893 3823 947 3876 per
973 3810 1125 3882 uenditum,
1155 3807 1301 3860 clientibus

222 3877 251 3927 iu
263 3881 384 3931 exeroirn
398 3884 516 3933 iiomauo
529 3891 674 3935 meruerat.
692 3882 737 3934 lio
778 3877 870 3930 Seiani
898 3889 927 3929 et
956 3878 1118 3932 ianitoribus
1155 3879 1301 3942 adulando,

223 3945 378 4016 iainviii,
394 3951 421 4000 8.
455 3951 562 4003 Ouran-
781 3947 967 4013 gnunoenoo.
1007 3951 1061 3999 Sed
1077 3961 1110 3999 eo
1129 3950 1302 4010 superfluum,

273 4014 303 4065 (t.
314 4014 358 4067 74.
375 4017 586 4080 dteeimnoionto]
605 4019 681 4070 liaeo
693 4029 738 4068 ra-
780 4019 923 4070 abacorum
942 4025 986 4069 eet
999 4026 1027 4068 et
1038 4019 1157 4068 imum
1168 4029 1204 4066 ex
1216 4025 1301 4074 eupo-

225 4083 349 4138 ieroniar
373 4087 408 4138 eo
428 4085 590 4140 monum
609 4097 739 4153 annonae-
782 4086 1029 4144 nomnereoneie
1041 4085 1193 4152 moenitum·
1209 4085 1302 4136 Doro·
