2862 4810
230 259 305 332 aaa
615 247 933 346 ‘suasurus

190 445 277 524 aa'iu
290 441 463 536 llyroaais
473 443 715 532 reportasset,
735 435 996 510 illarieaireitus
1008 441 1046 504 et
1059 433 1219 504 &eata
1232 453 1318 502 areu

233 549 430 643 expediens.
472 545 529 614 Aa
543 541 650 634 primo
664 549 822 632 ὴιιιμιιι
837 540 936 610 dolus
950 545 1141 633 pararetur,
1159 537 1317 621 territus,

234 655 300 722 miri
317 652 396 720 data
415 647 501 718 iide's
524 644 713 714 reddendae
734 646 951 714 dominationi
973 645 1122 724 ιοιιίιιιο,
1149 641 1318 708 allevatur

235 757 408 836 animum,
428 759 465 820 et
484 771 572 840 quae
590 751 762 841 repentia
775 751 916 820 mutatio
928 748 1086 840 exquirit.
1102 744 1217 812 *Tum
1231 741 1318 809 Hie·

241 881 281 930 ro
301 853 481 948 pueritiam
501 851 670 922 Tiridatis
686 853 857 945 inerepat,
882 875 989 944 aeque
1007 871 1110 943 peaes
1122 844 1317 916 Arsaciden

240 963 434 1054 imperium,
461 956 523 1027 ead
543 957 641 1025 iuaue
658 977 777 1024 nomeu
790 955 880 1048 apud
895 959 1062 1026 inbellem
1077 961 1213 1022 externa
1230 949 1317 1016 mol·

235 1065 335 1146 ditia,
354 1065 421 1132 rim
442 1063 478 1130 ia
496 1059 690 1148 Abdessaaie
705 1059 814 1130 domo.
856 1063 913 1129 44.
935 1059 1050 1130 Sensit
1062 1067 1158 1125 ratus
1173 1075 1317 1141 reguar-

239 1167 278 1236 di
295 1167 401 1234 taleas
423 1165 459 1233 iu
476 1185 590 1234 amore
608 1165 687 1233 odia
704 1185 769 1232 roo
789 1163 926 1250 lingere.
968 1183 1029 1231 uea
1043 1163 1135 1228 ultra
1154 1164 1318 1239 maratus,

236 1291 341 1361 qoam
362 1268 441 1336 dum
464 1269 664 1357 Saytharom
684 1267 809 1336 auxilia
827 1265 995 1348 condiret,
1021 1265 1134 1355 porgit
1150 1281 1317 1352 properae

235 1382 278 1442 et
304 1373 520 1464 praeveniens
547 1373 755 1452 inimieorum
787 1378 901 1452 astas,
932 1370 1115 1438 aaaioorum
1143 1365 1317 1456 poeniteo-

232 1477 343 1559 ·tiama
361 1497 468 1566 usque
479 1483 618 1544 axoarat
632 1473 810 1567 paedorem
824 1481 864 1541 at
877 1476 1012 1562 vulgum
1029 1470 1242 1540 miseratione
1257 1465 1318 1534 ad-

233 1587 401 1651 rverterat.
451 1577 531 1650 Nou
556 1579 669 1661 iraue,
703 1601 769 1647 uon
793 1597 929 1667 praees,
961 1576 1047 1644 uilril
1067 1574 1225 1642 omissuro
1247 1589 1316 1659 quo

235 1685 417 1772 ambiguos
436 1683 599 1763 illideret,
625 1683 774 1772 prompti
791 1681 1016 1750 firmarentur.
1058 1678 1195 1767 lamque
1209 1676 1317 1742 multa

237 1809 342 1856 mauu
355 1786 542 1876 propinqua
556 1784 731 1854 Soleaehe
745 1781 964 1864 edomabat,
985 1805 1059 1850 aum
1075 1780 1252 1850 Tiridates
1270 1778 1317 1844 si·

241 1890 313 1956 mul
333 1890 422 1954 lama
442 1895 543 1976 atque
562 1888 638 1977 ipso
658 1888 835 1957 Artabano
855 1888 1031 1976 perculsus
1047 1885 1191 1955 distrahi
1207 1883 1317 1952 ooaai-

240 1990 317 2072 liis,
340 1991 408 2058 iret
420 1991 728 2059 oootraaabellum
742 1993 1139 2061 auuehtiouatraotaret.
1182 1987 1316 2076 Quibus

240 2093 406 2187 proelium
422 2100 457 2160 at
472 2093 623 2162 iestioati
635 2116 735 2162 rasus
749 2095 945 2186 plaoalraut,
966 2095 1126 2164 disiectos
1139 2098 1176 2160 et
1186 2091 1318 2178 lougiu-

235 2196 371 2286 quitate
394 2196 528 2265 itineris
550 2197 661 2265 lassos
688 2219 729 2266 ae
756 2199 866 2266 auimo
889 2198 1023 2288 quidem
1044 2200 1129 2266 satia
1152 2196 1197 2264 ad
1218 2195 1317 2264 obss

236 2301 357 2390 quiam
384 2301 550 2368 ooaluiesa
574 2298 766 2384 disserunt,
799 2301 991 2396 proditores
1011 2323 1118 2392 nuper
1135 2301 1316 2387 hostesque

238 2403 333 2485 eius,
360 2423 461 2493 quem
481 2411 617 2472 rursum
643 2405 788 2475 leveaat.
832 2404 960 2474 Varum
981 2405 1183 2492 Abdagasee
1202 2423 1315 2488 regre-

237 2505 397 2576 diendum
422 2507 458 2574 ia
484 2507 760 2599 Mesopotamiam
787 2511 961 2592 oeusabat,
995 2518 1036 2577 ut
1055 2531 1152 2576 amna
1173 2507 1315 2586 abieoto,

238 2609 412 2679 &maniis
433 2609 567 2678 iuterim
588 2607 826 2700 Elymaeisque
849 2620 885 2680 et
901 2612 1025 2680 oateris
1042 2635 1061 2678 a
1076 2621 1172 2699 tergo
1184 2611 1314 2692 eruitis,

237 2714 333 2782 auoti
346 2713 452 2803 oopiis
472 2713 656 2782 aoaialilrus
673 2723 710 2783 at
721 2737 806 2804 quas
819 2715 885 2783 dux
898 2717 1069 2784 Romanas
1086 2717 1236 2784 misisset
1245 2714 1315 2782 lar·

239 2823 354 2885 tunam
374 2823 553 2886 motandi.
602 2817 653 2883 Ea
675 2820 838 2888 sententia
855 2821 980 2903 valuit,
1001 2821 1080 2909 quia
1097 2819 1241 2910 plurima
1255 2839 1315 2884 aa·

237 2922 379 2987 otoritaa
398 2941 501 3010 panes
521 2919 726 3007 Abdagesau
746 2931 782 2988 at
800 2923 975 2990 Tiridates
997 2923 1136 3010 ignavus
1159 2921 1203 2990 ad
1225 2921 1314 3009 peri-

123 3013 125 3019 *
236 3023 316 3088 oola
334 3029 420 3090 arat.
465 3021 534 3090 Sed
556 3025 655 3112 lagae
679 3027 791 3114 speeie
813 3025 1016 3108 discessum
1046 3047 1084 3092 aa
1105 3025 1269 3116 principio
1292 3047 1314 3091 a

236 3131 337 3215 geute
357 3123 512 3194 Arabum
533 3127 623 3196 laoto
642 3128 747 3198 aeteri
765 3127 881 3200 domos
908 3129 1032 3198 meunt
1056 3131 1111 3200 vel
1137 3130 1172 3198 iu
1198 3133 1311 3196 eastra

305 3333 335 3385 G.
347 3329 391 3385 44.
426 3347 511 3400 quom
527 3335 596 3387 datm
612 3337 773 3400 sarnanum
797 3349 881 3404 param
897 3339 959 3390 tom
975 3341 1032 3392 MS.

269 3404 558 3524 tesseiaalpptardatnedcl.
594 3406 630 3455 At
645 3407 703 3456 MS·
720 3407 924 3460 mammone·
936 3409 998 3460 sall.
1014 3407 1185 3476 missus,
1205 3403 1311 3457 Plist-

298 3485 328 3540 ι,
388 3486 443 3524 ero.
504 3489 569 3527 ouo.

301 3545 452 3607 perrottus
475 3542 630 3596 nianaoue.
663 3545 700 3594 st
723 3545 975 3611 telmessenses,
1004 3557 1057 3599 uon
1074 3544 1194 3597 deterius
1212 3549 1241 3591 et
1257 3539 1313 3592 alld

267 3615 366 3674 quanto
383 3611 498 3676 tantuna
521 3623 582 3663 uam
597 3621 753 3678 peraratas
772 3616 815 3664 eet
831 3613 929 3678 aliquis
947 3627 978 3666 re
996 3617 1099 3680 ata-oct,
1122 3611 1311 3676 restittat,

265 3687 297 3729 ut
309 3682 511 3746 perterritos,
533 3682 581 3732 eet
596 3685 748 3746 percolata
760 3697 792 3734 re
804 3683 957 3750 inopinato,
976 3685 1182 3749 betrottan,
1199 3689 1229 3732 ut
1239 3691 1314 3748 per-

266 3749 418 3817 mortua,
436 3751 464 3816 1,
481 3752 524 3803 12.
559 3751 651 3805 Dosa.

281 3948 313 4000 G.
326 3947 369 4001 44.
408 3951 565 4013 turmore]
589 3952 656 4006 soti.
671 3951 747 4020 mgis
788 3917 874 4020 esque
895 3969 943 4020 sps
964 3953 1070 4020 decepti
1092 3960 1202 4018 esseut,
1234 3957 1312 4002 uota

227 4019 370 4080 captando.
396 4023 502 4082 Quanto
514 4023 601 4087 magis
615 4025 668 4087 tpel
682 4037 747 4089 pro-
787 4026 923 4078 veriorem
941 4035 975 4077 ao
990 4027 1115 4078 tutiorem
1128 4031 1193 4074 esee
1207 4031 1310 4072 eoraa·

226 4085 313 4140 xtraoa
330 4101 362 4138 ee
381 4101 445 4142 ease
465 4091 579 4146 mi
596 4091 746 4159 om
785 4091 1145 4150 omunstatnictdaa
1177 4090 1272 4146 Doro·
