2870 4804
379 233 484 306 ele.
508 229 607 302 xlv.
649 227 766 302 GAP.
785 235 938 300 sn-se.
1123 233 1189 302 463

127 427 302 498 meierum.
343 415 475 490 Ceteris
496 415 572 484 inde
591 415 867 497 assentientibus,
889 365 1239 500 Pectus'l'irresce,uu.

127 531 235 600 rnultc
254 545 329 594 cum
351 523 475 590 honere
494 519 650 590 caeseris
669 529 705 588 et
726 520 885 588 acerrime
903 519 1068 612 increpitu
1088 523 1192 589 Anti·

127 633 213 714 etic,
240 649 304 696 nun
324 623 483 713 quicquid
505 643 627 692 nereus
646 645 725 691 reue
743 623 814 713 peti
827 630 1029 706 mereretur,
1048 623 1083 690 id
1098 645 1192 712 egre-

114 737 184 823 vgie
197 732 260 802 rub
272 728 425 818 principe
443 735 478 794 et
489 724 791 796 nulluneceeeitete
803 725 965 794 obstrictu
979 724 1109 792 secerni
1123 734 1193 792 ste·

127 833 287 906 tuendum
305 829 479 898 disseruit.
522 829 718 899 Carnificem
732 835 767 896 et
778 829 931 917 lequeunr
945 825 1074 918 pridem
1090 827 1195 894 ebeti-

128 945 181 1020 ec
208 940 245 1004 et
262 953 338 1000 cese
357 951 482 1022 poenes
502 931 634 1017 legibue
649 928 870 1014 constitutae,
890 931 1011 1019 quibus
1023 931 1096 998 sine
1108 929 1196 996 iudi·
1285 935 1288 942 ⁴

128 1059 204 1108 eum
223 1033 362 1105 servitiu
381 1043 417 1100 et
435 1041 620 1122 temporum
640 1033 962 1124 iniemie·euppticie
980 1032 1196 1102 decerneren-

128 1150 198 1210 tur.
243 1135 335 1226 Quin
352 1135 388 1204 iu
410 1134 539 1218 insule,
565 1135 873 1224 publicetiebuuir,
893 1159 959 1227 qne
972 1138 1194 1226 lengiureen-

130 1251 199 1312 teus
216 1241 318 1308 viteus
336 1237 514 1320 traxisset,
540 1259 579 1304 eu
598 1238 754 1328 privatim
773 1239 978 1311 miseriorem
991 1249 1026 1308 et
1042 1239 1194 1330 publicae

130 1341 325 1416 elementiae
345 1339 523 1408 nexiuurn
544 1343 728 1430 exemplum
750 1341 911 1418 futurum.
958 1345 1014 1416 40.
1035 1341 1193 1408 Libertus

131 1449 304 1517 Threrere
322 1443 496 1513 servitium
521 1442 662 1510 alierum
683 1445 794 1535 rupit,
819 1451 855 1514 et
874 1451 1050 1538 postquem
1068 1442 1194 1512 discer-

131 1553 258 1622 rienem
288 1548 408 1620 consul
430 1544 650 1638 permiserat,
685 1546 828 1637 pedibus
847 1549 883 1618 in
906 1547 1103 1617 seutentiam
1122 1545 1195 1612 eius

130 1656 220 1735 iere,
248 1652 365 1741 pencie
383 1647 565 1739 exemptis,
591 1649 627 1715 in
646 1649 768 1738 quibus
783 1649 973 1720 adulatione
985 1645 1196 1742 prumptissi-

132 1777 207 1824 ruue
226 1753 292 1821 init
310 1753 424 1822 Aulus
444 1750 626 1833 Vitellius,
650 1752 811 1841 eptiruum
831 1777 995 1845 quemque
1016 1753 1126 1840 iurgio
1145 1751 1197 1818 le·

132 1877 267 1928 cessere
280 1862 316 1922 et
330 1853 547 1945 respondenti
559 1854 721 1938 reticens,
742 1863 784 1926 ut
797 1856 917 1948 paride
931 1857 1062 1944 ingenie
1076 1855 1196 1925 celent.

133 1963 188 2032 et
200 1959 354 2027 eonsules
366 1959 526 2046 perticere
540 1956 708 2026 decretum
721 1967 860 2028 senatus
870 1977 936 2027 unu
948 1960 1021 2028 enei
1028 2003 1042 2038 ,
1062 1955 1105 2024 de
1118 1977 1197 2026 een-

133 2085 236 2134 uensn
250 2061 416 2150 scripsere
430 2060 580 2130 Caesari.
624 2059 688 2130 lile
700 2062 790 2130 inter
800 2061 959 2154 pudurern
973 2069 1009 2130 et
1021 2063 1105 2130 irem
1117 2082 1196 2127 cun-

135 2171 266 2246 ctetue,
297 2169 467 2253 pestremo
490 2161 686 2255 rescripsit,
718 2167 811 2234 uultu
840 2166 961 2236 iniuria
981 2167 1196 2251 preveceturu

134 2267 324 2342 Antistium
345 2265 560 2354 gravissimus
573 2267 608 2332 in
627 2267 809 2357 principem
822 2267 1039 2336 contumelias
1054 2263 1196 2346 dixisses
1302 2346 1304 2350 ¹

134 2391 248 2439 esrum
266 2369 424 2437 ultionem
444 2389 464 2435 e
486 2369 641 2458 petrinus
660 2373 882 2460 postulatum,
902 2379 938 2438 et
955 2389 1018 2460 pru
1031 2367 1195 2456 magnitu-

132 2475 210 2544 dine
228 2472 343 2540 delicti
362 2493 500 2563 peeueru
523 2472 629 2540 stetui
647 2493 711 2564 per
726 2473 844 2545 inisse.
891 2481 1037 2542 ueterum
1056 2491 1111 2551 re,
1137 2468 1197 2556 qui

134 2575 345 2646 severitatem
363 2575 607 2642 decernentin·
622 2575 844 2666 impediturus
859 2575 979 2657 tuerit,
998 2571 1197 2642 tuederetiu⁴

127 2699 208 2746 uem
228 2697 294 2743 nen
314 2679 509 2765 prohibere:
534 2685 722 2746 statuerent
735 2685 775 2746 ut
788 2681 931 2762 vellent,
960 2677 1072 2744 daun
1089 2681 1125 2742 et
1138 2673 1197 2740 ub·

130 2777 287 2848 'solvendi
299 2779 478 2851 licentium.
520 2778 587 2848 Hie
602 2789 703 2870 etque
715 2781 840 2850 telibne
854 2780 1025 2862 recitatis,
1044 2787 1081 2846 et
1094 2776 1197 2845 utien-

135 2887 230 2953 eiene
250 2883 424 2950 manifeste
432 2929 445 2962 ,
476 2905 540 2951 nen
551 2883 627 2952 idee
641 2889 700 2951 eut
713 2884 865 2951 consules
880 2891 1047 2952 mutavere
1061 2883 1197 2948 relatio·

135 3009 208 3057 ncm
225 2995 284 3054 eut
297 2983 449 3054 Thracen
464 2985 610 3056 decessit
622 2985 803 3068 sententie,
823 2987 965 3055 ceterive
979 3007 1064 3077 quee
1077 2985 1198 3078 prebe-

135 3098 252 3158 verent
269 3087 464 3174 deseruere,
491 3113 589 3182 pere,
615 3113 656 3158 ne
678 3088 859 3181 principem
876 3091 1038 3160 obiecisse
1055 3088 1198 3158 invidiae

135 3194 344 3275 uiderentur,
369 3193 486 3282 plnres
504 3215 641 3262 numeru
660 3192 746 3276 tuti,
771 3191 922 3264 Threces
942 3201 1039 3263 ruste
1057 3192 1199 3258 drmttu-

134 3299 212 3366 dine
229 3297 331 3366 enimi
343 3303 377 3362 et
392 3315 433 3361 ne
445 3297 553 3384 glorie
567 3295 794 3369 intercideret.

170 3453 759 3588 ‚stetebituricense
773 3449 1112 3574 :stentem
1125 3452 1201 3502 ”⁰¹²⁰

202 3591 382 3641 muertcrem
396 3589 513 3652 nuperus.
546 3594 584 3643 Ar
600 3593 674 3642 tiss.
691 3590 838 3642 morter.

203 3657 236 3709 c.
249 3657 293 3708 te.
326 3657 467 3722 reemptio
484 3660 542 3710 edd.
575 3662 612 3710 nt
628 3661 684 3713 nte.
701 3657 844 3723 recreta·

136 3783 217 3838 ruinis
242 3781 338 3836 cervix
362 3783 527 3839 turercrctur
544 3787 650 3854 turcus,
693 3783 857 3852 numilitate,
882 3785 912 3834 ut
931 3781 996 3850 xv,
1014 3781 1059 3832 tt.
1082 3779 1116 3833 u.
1130 3781 1163 3842 1,
1178 3783 1204 3833 t.

137 3867 235 3920 cerpus
255 3853 341 3918 vtrgte
360 3855 395 3904 ed
413 3867 506 3906 necem
521 3857 649 3908 cuden-
692 3859 817 3919 tenum
831 3852 941 3906 rtuuutt
955 3858 983 3902 st
1002 3857 1123 3904 casuue.
1146 3851 1204 3903 en.

138 3929 190 3978 tur.
224 3923 299 3972 Suet.
313 3923 377 3973 lter.
391 3919 434 3971 te.
690 3924 846 3978 mntem.

187 3991 325 4056 mulcere]
351 3989 483 4054 suspicer
492 3989 609 4054 pume-
741 4005 861 4044 numere
874 3985 946 4048 mu
965 3983 1145 4052 uenirent,
1160 3985 1205 4040 52.

187 4061 276 4117 (Mt.
305 4059 649 4122 amnemamnem
691 4055 1205 4128 nemoprevaremcpaeaecmoee
