2814 4806
373 235 480 310 clu.
499 235 567 312 ΙΙΙ.
609 235 731 310 GAP.
752 243 908 312 lit-22.
1113 247 1180 317 1⁴5

1 461 2 514 q
104 425 224 512 oculo,
250 423 427 494 adversum
448 447 488 494 cs
509 427 688 497 iubentem
704 427 866 510 intendit,
892 451 997 518 ncqnc
1012 433 1225 520 procliumsc

106 531 233 607 omisit,
253 528 359 596 donec
371 528 524 596 desertus
538 531 610 598 suis
624 531 769 602 caderet.
809 535 866 602 21.
889 532 984 619 Quae
997 543 1176 623 postquam

1 657 2 670 ¹
105 634 211 702 Lucio
219 633 375 723 Apronio
397 633 489 722 (uam
503 631 882 720 Camillosuccessnrat)
904 645 1084 726 comperta,
1106 661 1176 706 ma.

106 737 159 822 gis
180 735 344 802 dedecore
364 757 499 803 snorum
521 755 620 822 quam
641 736 748 822 gloria
763 739 870 806 bostis
888 738 1022 819 anxius,
1046 763 1124 808 raro
1137 765 1178 812 ea

105 845 305 928 tempestate
320 846 356 906 ct
367 861 386 906 c
399 845 511 906 vetere
523 838 681 905 memoria
693 839 858 921 facinore,
879 839 1050 908 decumum
1064 866 1179 930 quem-

107 965 171 1030 que
191 942 432 1030 ignominiosae
449 941 595 1008 cohortis
616 948 708 1008 sorte
722 942 841 1010 ductes
856 943 940 1009 iusti
952 950 1062 1012 necat.
1103 955 1178 1014 tau·

107 1053 246 1135 tumque
269 1046 447 1114 severitate
470 1044 673 1131 proiectum,
701 1050 741 1110 ut
761 1045 915 1116 vexillum
936 1053 1179 1132 veteranorum,

107 1171 171 1214 uon
191 1151 336 1238 amplius
358 1146 530 1234 quingenti
548 1167 701 1227 numero,
729 1145 862 1214 easdem
877 1146 1102 1218 Tacfarinatis
1121 1175 1179 1218 cc·

108 1254 182 1341 pias
196 1251 397 1340 praesidium
410 1249 465 1316 cui
474 1248 584 1315 Tbaln
597 1270 715 1316 nomeu
730 1249 906 1336 adgressas
915 1249 1074 1322 iudcriut.
1102 1253 1180 1341 Quo

108 1355 237 1444 proelio
253 1353 363 1422 Rufus
376 1352 517 1420 Helvius
532 1352 706 1438 gregarius
720 1353 816 1420 miles
832 1355 956 1420 servati
977 1355 1060 1424 civis
1077 1355 1180 1426 decus

1 1475 2 1480 ¹
108 1457 262 1538 rettulit,
289 1457 497 1542 donatusque
518 1465 572 1522 est
593 1454 635 1522 ab
658 1455 811 1543 Apronio
826 1455 1003 1542 torquibus
1019 1467 1055 1526 et
1068 1460 1181 1534 basto.

109 1559 237 1630 Caesar
254 1559 386 1628 addidit
406 1558 541 1626 civicam
564 1577 737 1637 nemnem,
764 1555 856 1643 quod
874 1578 939 1624 nou
960 1582 1031 1626 cam
1047 1583 1180 1649 quoquc

109 1661 285 1754 Apronius
298 1661 373 1730 iure
384 1659 592 1754 proconsulis
607 1659 793 1741 tribuisset,
807 1669 946 1747 questus
960 1665 1066 1750 magis
1079 1686 1180 1752 quam

111 1767 269 1836 oliensns.
319 1762 386 1832 Sed
405 1763 604 1830 Tacfarinas
626 1763 791 1850 perculsis
815 1762 973 1834 Numidis
995 1773 1031 1834 et
1049 1766 1182 1836 obsidia

111 1868 365 1960 aspernantibus
389 1867 520 1956 spargit
539 1865 681 1945 bellum,
707 1865 766 1934 ubi
784 1864 968 1936 instaretur
982 1865 1120 1952 cedens,
1141 1891 1181 1938 so

112 1993 247 2039 rursum
266 1970 300 2037 in
321 1977 415 2055 terge
436 1988 598 2038 remeans.
640 1966 688 2034 Et
703 1966 832 2036 dumea
846 1971 933 2038 ratic
947 1970 1180 2060 barbaroiuit,

113 2075 246 2142 irritum
258 2073 447 2161 lassumque
463 2071 647 2140 Romanum
661 2068 794 2158 impunc
806 2071 1061 2142 ludificabatur:
1087 2083 1183 2165 post·

112 2199 212 2267 quom
227 2174 358 2242 deflexit
376 2175 418 2242 ad
432 2175 617 2242 maritimos
631 2175 742 2256 loces,
768 2176 919 2262 illigatus
938 2177 1060 2266 pracda
1084 2177 1184 2246 steti·

111 2283 164 2350 vis
180 2281 305 2348 castris
321 2277 540 2358 adhaerebat,
560 2279 666 2344 missu
680 2276 788 2366 patris
802 2277 978 2367 Apronius
996 2278 1182 2352 Cassianus

113 2405 188 2452 cum
208 2381 321 2469 equite
343 2387 378 2446 et
399 2377 592 2447 ccbortibns
614 2377 817 2460 auxiliariis,
849 2379 926 2467 quis
950 2380 1183 2452 velocissimos

112 2487 279 2573 legionum
299 2481 493 2565 addiderat,
517 2504 712 2572 prosperam
737 2479 912 2552 advorsum
932 2481 1099 2554 Numidas
1121 2503 1185 2571 pu·

112 2610 209 2676 gnam
226 2584 325 2666 iacit,
346 2587 507 2676 pellitque
521 2587 555 2653 in
570 2586 714 2656 decerta.

213 2692 270 2756 22.
292 2689 344 2754 At
357 2687 482 2754 Romae
496 2687 636 2778 Lepida,
657 2689 712 2756 cui
726 2707 828 2778 super
841 2685 1065 2755 Aemiliorum
1082 2682 1186 2758 decus

113 2791 242 2860 Lucius
258 2789 353 2858 Sulla
373 2799 407 2858 ct
427 2792 561 2858 Gnaeus
578 2791 756 2880 Pompeius
773 2791 888 2880 proavi
902 2795 1013 2869 erant,
1034 2787 1186 2858 defertur

116 2894 327 2962 simulavisse
339 2901 468 2979 partum
483 2917 522 2960 ex
536 2891 657 2962 Public
670 2891 838 2980 Quirinio,
859 2891 960 2960 divite
975 2898 1075 2982 atque
1089 2893 1186 2964 orbo.

117 2993 360 3063 adliciebantur
374 2993 556 3078 adulteria,
576 3017 718 3078 venena,
738 2996 992 3084 quaesitumque
1008 3017 1069 3085 per
1084 2997 1186 3069 cbel-

115 3167 256 3232 cpluatur,
273 3165 434 3222 waltherus
447 3181 507 3222 cnm
521 3167 643 3226 ntem·
671 3169 736 3234 pult
746 3170 911 3220 cccmtcres
918 3168 1094 3224 exercitibus
1100 3183 1189 3236 proe-

116 3250 151 3289 ro
169 3249 203 3288 ce
223 3237 358 3289 vocabulo
382 3249 431 3301 pro
457 3235 631 3292 nominativis
671 3237 797 3305 positos,
814 3239 889 3304 quod
902 3240 937 3292 dc
950 3241 1107 3292 :rocenac
1123 3241 1189 3304 qoi-

116 3305 231 3369 ecccplt.
265 3307 384 3358 Rursum
673 3306 789 3358 trudam
808 3309 981 3360 militaribus
999 3309 1081 3360 donis
1098 3305 1137 3358 nd
1157 3319 1190 3360 ce

164 3376 251 3426 Ml.
280 3377 499 3436 sarracenas]
516 3377 552 3426 Ut
563 3375 632 3426 scil.
674 3379 828 3443 referrent
835 3387 846 3433 ‚·
881 3379 963 3442 quast
986 3391 1044 3428 coa
1063 3375 1189 3426 umatum

115 3441 163 3494 Fr.
173 3445 303 3506 asp-Serv.
316 3445 351 3495 nd
362 3447 429 3494 Aen.
437 3444 475 3510 ll,
486 3447 547 3496 201.
563 3445 632 3507 quod
674 3445 891 3498 tribuendorum
903 3447 959 3508 lost
970 3445 1015 3494 tus
1028 3443 1174 3494 secernat.

115 3511 288 3564 edcrnssum
300 3514 423 3564 referunt
434 3513 462 3564 in
475 3513 632 3564 decimatio-
723 3514 851 3579 spcrptt]
867 3514 999 3564 Discrnbit
1012 3513 1058 3561 vcl
1071 3512 1188 3562 circum-

115 3592 152 3630 nc
163 3575 244 3628 unlus
257 3581 382 3630 cohortis.
412 3582 453 3631 Dc
467 3585 516 3632 boc
528 3581 633 3644 suppli·
674 3577 745 3646 lert,
767 3583 857 3631 divise
876 3581 996 3632 exercitu
1012 3579 1081 3633 locis
1096 3577 1189 3631 diuer-

116 3647 162 3698 clc
173 3647 328 3712 Polybvl,
344 3652 388 3700 uti.
410 3650 472 3702 biv.
480 3651 516 3714 V,
528 3653 554 3700 e.
570 3651 633 3700 b'a-
676 3647 715 3699 sis
727 3649 825 3698 bellum
838 3661 946 3713 gerens.

115 3715 263 3768 amrium
274 3720 405 3769 merctur
419 3718 469 3783 qut
480 3719 564 3785 staca
582 3729 633 3770 rc·
726 3716 829 3773 musa]
853 3717 911 3766 lloc
923 3719 1027 3768 denuo
1041 3715 1190 3778 epcdcscos

113 3783 222 3849 anm
232 3786 572 3848 repraesentarent.
676 3781 779 3836 inltium
793 3793 845 3834 cst.

168 3853 270 3912 roda]
292 3855 349 3913 Quo
363 3855 633 3918 lugurtbaquoudnnn
726 3853 757 3902 c.
777 3855 820 3902 22.
861 3850 1090 3916 quercuumque]
1116 3851 1191 3910 Quod

115 3931 149 3970 sc
162 3925 321 3986 receperct3
335 3923 404 3976 Sall.
417 3925 476 3987 lug.
486 3925 530 3977 7⁵.
553 3925 633 3976 Posi-
676 3931 783 3983 sempor
797 3918 923 3982 capitale.
951 3919 1002 3970 Oai
1015 3924 1111 3970 mem
1123 3933 1193 3983 opas

114 3990 154 4041 tto
167 3988 280 4041 luccrts.
676 3993 720 4042 est
741 3989 926 4054 perscrutari
953 4001 1041 4052 supter
1061 3991 1193 4040 (suasoris

165 4061 299 4124 questos]
317 4059 392 4110 succ
404 4059 514 4112 utum.
531 4054 634 4109 ccrrt-
676 4059 781 4126 saruc,
795 4059 851 4113 mal
861 4073 881 4110 a
895 4070 949 4124 quo
963 4058 1073 4126 aliquia
1085 4061 1194 4114 odom-

114 4141 251 4210 l'ocitus,
266 4141 313 4196 ed.
325 4143 507 4212 Doederlein.
945 4126 989 4193 10
