2838 4830
342 276 345 282 ’
373 257 479 330 uu.
498 251 587 331 IV.·
606 255 730 336 GAP.
745 247 906 336 llo-re.
1109 261 1175 334 Ul

103 447 229 531 orsus,
254 453 290 516 et
309 445 466 536 quodem
485 445 645 534 Angusta
662 437 830 516 theatrum
849 449 1040 532 introisset,
1067 457 1107 518 ut
1121 471 1176 522 ee·
1183 477 1229 531 π,

108 551 170 620 oles
183 551 272 619 inter
281 549 470 619 Vestalium
487 550 688 622 consideret.

209 657 264 724 17.
292 651 451 724 Cornelio
470 651 635 740 Cethego,
655 651 799 722 Visellio
812 651 965 722 Varrone
984 656 1178 726 consulibus
1185 667 1344 732 (aum.)

110 755 298 845 pontifices,
320 777 501 843 mumque
513 759 664 846 exemplo
677 755 783 824 ceteri
796 756 1007 839 sacerdotes,
1028 779 1103 826 cam
1117 780 1179 849 pro
1202 753 1322 813 &Mb

106 858 337 928 incolumitate
354 859 515 948 principis
531 867 607 927 reta
623 858 843 947 susciperent,
863 859 1032 930 Neronem
1046 883 1179 950 quoque

105 971 142 1030 et
159 963 313 1030 Drusum
334 961 441 1030 isdem
465 961 518 1029 dis
540 960 827 1043 commendavere,
863 983 928 1030 noa
948 971 1016 1028 tam
1038 967 1180 1034 caritate

105 1065 262 1133 insenum
275 1087 373 1154 quam
389 1063 598 1146 adulatione,
623 1085 710 1152 quae
724 1063 875 1132 maribus
887 1065 1055 1153 corruptis
1067 1065 1181 1157 perin-

105 1167 149 1236 de
165 1189 302 1259 anceps,
322 1171 353 1236 si
370 1171 512 1236 nullast
528 1169 585 1236 ubi
600 1167 703 1234 nimia
714 1173 780 1235 est.
812 1165 902 1234 Nam
916 1167 1077 1234 Tiberius
1087 1169 1180 1238 ‘baud

107 1291 251 1359 unquam
273 1269 385 1340 domni
409 1270 601 1342 Germanici
621 1271 729 1352 mitis,
760 1275 833 1336 tum
847 1291 927 1336 raro
946 1271 1083 1358 aequari
1098 1271 1181 1340 adu·

105 1375 274 1443 lesceates
292 1381 445 1442 senecm
465 1397 546 1442 suae
564 1375 778 1464 impatienter
795 1353 957 1457 indoluit}
991 1375 1180 1464 accitosque

106 1477 284 1566 pontifices
305 1485 542 1566 pemuaetatus
558 1483 631 1557 est,
658 1497 736 1542 num
751 1473 787 1540 id
799 1477 955 1563 precibus
968 1478 1180 1567 Agrippinas

106 1574 280 1648 autmiuis
299 1581 510 1652 tribuissent.
551 1579 597 1646 Et
610 1576 663 1644 illi
677 1577 827 1666 quidem,
848 1599 1036 1669 quanquam
1057 1584 1180 1650 abnue·

109 1691 205 1766 rent,
233 1682 361 1752 medice
384 1683 554 1773 perstricti
574 1683 711 1771 (etenim
726 1703 806 1770 pars
821 1703 939 1770 magna
952 1706 971 1750 e
985 1687 1181 1774 propinquis

111 1785 223 1873 ipsine
245 1796 304 1855 ant
326 1787 492 1876 pri-ores
514 1784 660 1853 civitatis
679 1787 810 1872 arant):
842 1793 988 1854 amorum
1005 1789 1040 1854 in
1060 1797 1180 1857 senatu

111 1889 269 1956 untione
282 1891 411 1957 monuit
423 1891 459 1956 in
470 1895 659 1977 ροιῐοπιι,
679 1907 722 1952 na
736 1890 814 1976 quis
829 1890 969 1958 mobiles
987 1888 1181 1962 adulescen-

111 1991 199 2058 tium
223 1993 347 2060 animos
365 1992 589 2082 praematuris
606 1991 786 2057 honoribus
806 1989 850 2060 ad
870 1991 1060 2082 superbiam
1074 1997 1181 2064 extol·

110 2097 212 2166 leret.
250 2095 405 2164 Instabat
427 2093 732 2184 quippeseianus,
759 2095 998 2185 incusabatque
1011 2096 1180 2168 diductam

109 2197 279 2266 ciritaum
302 2208 343 2266 ut
354 2199 447 2266 cirili
466 2199 574 2279 ballo3
591 2217 674 2264 -ssse
688 2198 747 2286 qui
760 2218 796 2264 se
809 2201 953 2288 partium
968 2197 1181 2290 Agrippinas

107 2309 247 2385 metr
282 2323 320 2370 ac
343 2305 378 2370 ni
396 2305 591 2381 resistatur,
620 2301 693 2367 fore
717 2302 844 2390 pluris3
881 2323 986 2390 neque
1005 2305 1097 2370 aliud
1117 2305 1181 2391 gli-

8 2481 10 2488 ,
109 2407 238 2472 neentis
256 2405 444 2474 discordiae
464 2400 665 2485 remedium,
691 2425 790 2492 quam
813 2405 843 2470 si
859 2426 945 2472 unns
965 2405 1091 2473 alterve
1111 2429 1183 2473 ma·

109 2509 197 2575 nime
211 2509 360 2598 prompti
372 2507 658 2577 subverterentur.
700 2507 755 2577 18.
784 2505 860 2594 Qua
875 2529 975 2574 causa
992 2507 1111 2574 (isium
1127 2508 1183 2578 si-

108 2611 194 2680 lium
212 2619 249 2680 et
266 2611 395 2678 Titium
420 2611 578 2680 Sabinum
598 2610 804 2698 aggreditur.
856 2609 1019 2678 Amicitia
1043 2609 1183 2678 Germa-

111 2716 180 2782 nici
200 2715 385 2805 perniciosa
409 2715 562 2801 utrique,
591 2711 676 2782 silio
697 2719 733 2780 et
751 2709 841 2800 qued
861 2712 1003 2798 ingentis
1017 2713 1183 2781 exereitus

112 2827 244 2906 septem
261 2839 321 2908 par
333 2839 435 2886 nonos
450 2815 659 2897 moderator,
680 2817 854 2905 partisque
867 2813 955 2906 apud
972 2813 1183 2887 Germaniam

114 2920 373 3010 triumphalibus
398 2919 624 2988 Sacroviriani
650 2917 732 2985 belli
756 2916 880 3000 victor,
910 2927 1034 3006 quante
1057 2923 1183 3016 maiore

114 3024 205 3092 molo
227 3021 429 3112 procideret,
458 3023 535 3112 plus
555 3021 744 3088 formidinis
765 3019 801 3088 iu
817 3021 901 3088 alios
916 3019 1185 3112 dispergebatur.

114 3125 309 3198 Credebant
332 3126 485 3214 plerique
506 3133 636 3192 auctam
659 3124 871 3192 offensionem
893 3126 1002 3218 ipsine
1023 3128 1186 3218 intempe-

115 3231 239 3312 rautia,
259 3225 433 3298 immodice
448 3229 621 3298 iactantia:
637 3251 734 3296 suurn
749 3229 888 3298 militam
904 3231 940 3298 iu
953 3227 1112 3318 obsequio
1125 3231 1188 3298 du·

114 3334 255 3415 revises,
274 3353 348 3398 eum
363 3333 422 3399 alii
435 3332 478 3399 ad
491 3333 671 3401 seditiones
683 3335 955 3424 prolaberentur,
977 3353 1082 3420 neque
1095 3351 1187 3398 man-

117 3458 232 3504 surum
244 3433 384 3504 Tiberio
401 3435 597 3525 imperium,
617 3439 649 3506 si
659 3437 704 3504 iis
720 3460 852 3525 quoque
864 3433 1051 3524 legionibus
1067 3433 1187 3521 cupido

118 3537 260 3606 uormdi
272 3539 406 3609 luisset.
443 3540 586 3608 Destrui
600 3563 661 3632 por
672 3541 752 3606 haec
764 3539 930 3606 iorturmm
943 3559 1038 3605 suam
1051 3535 1189 3622 Caesar,

170 3679 339 3742 Veatsttaas]
356 3683 563 3747 snetnucts.
578 3685 633 3735 So·
674 3683 811 3733 decere:
832 3677 1108 3746 Epttcomscaotu,
1129 3693 1188 3734 aaa

116 3747 154 3800 us
172 3749 333 3815 circumter
360 3752 518 3804 Vestalibus
541 3756 634 3805 wenna
674 3747 1116 3812 nemorumnemorum
1131 3749 1189 3803 nisi
1329 3797 1332 3804 ,

115 3819 149 3869 ta
160 3817 279 3870 casuro
292 3823 462 3884 caparam
481 3824 511 3872 ct
528 3825 634 3874 cesare
676 3817 807 3885 asperata
821 3819 851 3869 ct
863 3819 959 3869 seara
971 3818 1127 3882 proseuta.

116 3888 263 3952 praetorto
277 3889 404 3940 munuae
417 3891 505 3943 dedet.
727 3887 758 3938 c.
774 3885 817 3937 18.
856 3886 942 3948 stuc]
973 3885 1016 3938 ct·
1032 3887 1061 3956 Ι,
1078 3893 1123 3942 8².
1148 3885 1189 3956 11,

167 3955 198 4007 ca
221 3957 267 4011 ¹⁷·
306 3957 431 4022 W]
466 3959 584 4010 'or-'As
603 3959 635 4008 P·
677 3959 704 4008 ⁶·
726 3955 785 4019 lup
802 3954 847 4006 ⁴³·

117 4021 179 4076 157.
196 4024 400 4093 nauesque
417 4029 505 4082 decor
520 4027 636 4078 satana
732 4025 896 4091 fortunata]
927 4023 986 4075 rloo
999 4021 1050 4075 sur
1064 4023 1193 4077 vultra-

119 4093 394 4150 muscanea.
432 4093 636 4152 nutribat.
678 4093 767 4148 cnusa
789 4093 900 4152 ,caesar
928 4095 1193 4160 rammasse
