2862 4810
367 297 474 377 LIB.
495 297 562 372 Xl.
601 295 722 372 GAP.
748 299 904 374 21-23.
1104 295 1172 370 312

99 489 292 560 didatunru
311 492 371 556 eut
391 485 553 556 iaeilitatc
572 485 789 556 tribuentium
804 487 953 575 gratuita
968 483 1223 560 euneeduias-tt.

99 603 177 680 tur,
198 593 301 662 duuee
313 591 479 658 sannatia
493 590 692 658 Dolabellae
704 593 796 660 velut
809 587 1076 664 venumdaretur.

201 700 257 766 23.
277 693 549 778 Ariovistus,
576 693 683 762 Lucia
695 693 862 786 Vipsteue
882 693 1075 762 ennsniihus
1095 700 1336 764 cuminum.)

101 799 145 868 de
168 797 356 892 supplenda
381 805 500 866 seueiu
527 799 733 884 egiteretnr,
774 799 1004 889 primoresque
1030 795 1173 880 Gallias,
1197 785 1313 841 *⁰⁸⁴⁸-

100 925 186 992 qnse
205 902 346 974 Gamala
366 903 575 992 appelletur,
601 903 736 971 incdera
755 911 790 972 et
805 901 972 972 civitatem
987 899 1170 970 Remanent

99 1006 229 1098 pridem
254 1006 401 1074 assecuti
423 1006 476 1073 ius
493 1003 781 1096 adipiscendarum
795 1005 830 1074 in
843 1007 927 1074 urbe
940 1005 1100 1074 honarum
1114 1025 1172 1072 sx-

99 1116 275 1201 peterent,
301 1111 428 1178 multus
450 1131 489 1178 ea
510 1131 664 1199 superus
677 1110 856 1198 variusque
871 1129 996 1178 rainer.
1035 1107 1170 1176 litetu-

100 1213 168 1282 diis
191 1212 336 1281 diversis
359 1209 449 1301 apud
468 1211 649 1304 principem
671 1213 881 1295 certabatur,
907 1211 1169 1282 asseverantium

99 1339 166 1384 neu
194 1315 277 1384 adeu
308 1336 439 1402 aegraru
468 1313 602 1382 Italiam
623 1323 662 1382 ut
686 1321 836 1382 senatum
858 1313 1074 1404 suppeditare
1092 1313 1171 1382 urbi

101 1443 182 1488 sune
210 1419 376 1508 nequiret.
427 1415 705 1486 Suffecisse‘alim
724 1416 897 1504 indigenas
917 1418 1170 1505 consanguineis

100 1523 254 1614 papulis,
281 1543 341 1589 nec
361 1521 668 1608 paenitereveteris
686 1521 916 1610 reipublicae.
958 1521 1050 1610 Quin
1062 1520 1170 1590 adius

100 1623 278 1693 memorari
297 1625 464 1713 exempla,
493 1647 578 1713 quae
595 1625 716 1714 priscis
740 1624 888 1692 maribus
904 1622 946 1692 ad
961 1627 1118 1694 virtutem
1134 1631 1171 1692 ei

101 1729 241 1815 giarium
255 1727 403 1796 liutuaua
419 1725 548 1795 indoles
561 1725 759 1817 prodiderit.
793 1729 853 1796 An
866 1749 983 1817 parurn
997 1726 1086 1817 quud
1099 1727 1171 1797 Vs·

100 1832 172 1899 neti
193 1839 227 1898 et
245 1829 405 1899 insulense
428 1831 553 1898 cuniam
573 1831 775 1920 irruperint,
799 1831 866 1898 uisi
884 1839 1000 1898 caetus
1012 1830 1169 1918 alienige-

99 1957 237 2017 narum,
256 1937 347 2002 velut
361 1933 556 2023 captivitas,
577 1927 766 2002 inieratur‘i
793 1955 890 2022 quem
905 1935 995 2001 nitra
1009 1934 1168 2004 huncum

99 2038 245 2106 residuis
258 2036 437 2118 nubilium,
457 2045 516 2104 aut
529 2038 559 2104 si
574 2037 650 2126 quis
665 2059 791 2126 pauper
803 2059 822 2104 e
833 2037 933 2104 Latia
947 2048 1099 2124 senaar,
1116 2043 1169 2108 iu·

98 2134 161 2238 rei
200 2139 406 2232 Oppleturcs
430 2140 538 2207 amnia
554 2139 675 2209 divites
692 2140 788 2225 iiius,
814 2163 955 2230 quanam
970 2142 1023 2211 eri
1035 2143 1170 2236 preavi-

169 2316 200 2370 G.
213 2319 257 2370 28.
289 2317 418 2383 uantur,
434 2311 523 2385 farei
545 2315 694 2370 Acidaliae.
715 2317 753 2366 At
768 2317 842 2368 iusti.
857 2318 978 2370 secatae·
990 2317 1089 2384 farei,
1104 2319 1130 2370 ir.
1142 2331 1170 2370 e.

133 2394 224 2454 esset,
248 2387 330 2438 multa
347 2387 517 2450 couciauiue3
547 2400 608 2440 naun
626 2388 693 2454 fare
709 2385 819 2438 lucilius
836 2383 1045 2449 prenotatam
1062 2387 1169 2452 cogitn-

133 2457 205 2508 tiuue
226 2456 348 2523 aditur,
377 2463 407 2508 ut
424 2455 475 2523 lv,
493 2451 543 2521 ⁵⁵,
568 2467 647 2518 quam
670 2453 713 2504 sic
735 2455 764 2505 iu
788 2455 867 2506 iueur
883 2455 983 2519 perimi
1001 2455 1123 2508 differtur
1139 2463 1169 2508 et

132 2523 265 2578 relicitur.
297 2526 399 2576 seusus
416 2531 473 2576 est:
496 2525 605 2576 Nullum
623 2525 746 2574 tenemur
764 2521 879 2585 relinqui
894 2524 1042 2588 nubilibus,
1063 2537 1115 2576 uec
1130 2521 1169 2575 iis

133 2591 303 2644 senatoribus
325 2593 370 2658 qui
392 2605 542 2656 quenquam
558 2591 714 2658 indigenae,
738 2603 871 2656 pauperes
888 2599 995 2660 esseut,
1022 2591 1048 2642 ei
1064 2591 1169 2644 ditissi-

133 2675 194 2714 nae
210 2661 322 2725 quisque
338 2661 414 2714 uallo
429 2661 541 2726 originis
556 2668 684 2726 respectu
699 2671 747 2724 per
768 2658 879 2712 diritius
896 2661 970 2714 sulas
986 2661 1102 2714 ianam
1118 2671 1169 2716 aa·

133 2743 233 2796 cupere
248 2737 350 2794 passer.
382 2731 475 2784 Duru.

150 2901 390 2961 venumdaretur]
413 2899 552 2961 nautium
564 2911 614 2950 ne·
656 2899 716 2968 lici,
740 2911 887 2964 quanquam
907 2899 1035 2954 Romanis
1051 2915 1170 2959 acuem-

100 2983 145 3024 ιιι
163 2971 288 3038 quamvis
307 2969 402 3033 diguus
414 2977 542 3033 quaestor
553 2967 614 3020 tisri
655 2967 760 3036 gntuei,
781 2971 909 3032 quancdu
929 2971 996 3022 terri
1013 2973 1170 3035 wadiare
1224 3000 1226 3008 ι

99 3043 147 3092 vei
165 3043 277 3091 auderet
298 3040 345 3090 vei
365 3047 473 3104 posset,
496 3038 550 3089 nisi
568 3037 614 3102 qui
655 3051 724 3102 qaue
732 3041 837 3090 tundam
849 3039 1001 3092 necessitas
1013 3043 1066 3096 erit
1078 3046 1108 3096 ut
1120 3045 1170 3098 iu·

99 3111 182 3160 ratde
195 3111 272 3160 dives
292 3115 320 3158 ec
339 3105 507 3170 perferendis
520 3119 614 3158 nune·
655 3107 699 3158 die
722 3107 795 3159 Galli
815 3119 882 3171 gens
902 3112 1016 3163 esteruu
1032 3112 1170 3178 recipiun-

101 3191 160 3230 ruut
183 3176 313 3242 inpensis
326 3183 408 3226 esset
437 3177 512 3228 liuu-
545 3177 613 3227 Nam
656 3170 722 3227 curi
761 3177 860 3228 lancem
880 3177 1019 3232 madunt
1037 3183 1121 3234 reris
1143 3195 1170 3235 c.

98 3261 237 3300 munerum
277 3245 358 3298 editio
391 3245 469 3308 quusi
501 3248 615 3306 pretinm
657 3242 700 3296 et.
716 3245 815 3297 Latini
826 3247 1039 3318 pentpertusa,
1054 3252 1171 3304 caera·

99 3327 263 3382 quaesturae
286 3315 367 3366 datae
389 3312 541 3366 videbatur.
656 3325 724 3366 rum
742 3315 843 3368 Μαι
860 3318 987 3382 peanum
1005 3321 1073 3384 pest
1085 3318 1170 3372 uad·

150 3385 182 3438 (i.
195 3390 240 3438 ιι.
272 3380 517 3448 Μιιιιιιοιιηι.
545 3383 615 3434 Seu·
656 3396 719 3436 uus.
750 3386 793 3436 Ex
807 3385 932 3438 wiern.

99 3453 186 3506 tenus
202 3461 261 3504 est:
280 3449 433 3518 suffecisse
447 3453 531 3516 uum,
553 3451 615 3503 scii.
708 3453 789 3504 uelut
810 3453 978 3516 cupttattae]
1013 3453 1170 3519 Appositis·

99 3524 136 3574 sd
156 3529 276 3572 sennan
301 3521 476 3587 expleudum,
504 3518 616 3586 indice·
657 3533 717 3573 nen
732 3520 846 3572 subiecti
858 3522 980 3574 eliciunt
994 3523 1170 3590 isecuerbs,

98 3603 170 3656 nae,
186 3592 213 3640 ti.
227 3603 251 3639 e.
264 3591 498 3652 Ranancsuntus,
515 3591 615 3640 Reun-
656 3602 710 3642 nun
727 3596 828 3650 purtem
849 3589 1013 3657 praedicunt,
1035 3593 1062 3642 ie.
1075 3605 1099 3642 s.
1114 3591 1170 3646 unt

98 3672 150 3713 nae
164 3657 282 3724 ungine,
297 3657 513 3723 ccuaaapce'ruets
524 3670 616 3722 papu-
656 3659 751 3708 caetue
764 3655 971 3720 atteutgeunrun
996 3669 1036 3712 sc
1058 3671 1170 3722 psene

98 3731 147 3792 eu,
165 3729 193 3777 ir.
205 3736 231 3776 e.
245 3725 351 3790 pupulis
363 3728 409 3790 qut
421 3727 539 3777 elumen
554 3739 615 3778 cun
656 3723 808 3778 dixerim
837 3725 1003 3787 cspttruruur
1028 3727 1171 3788 turmcur.

97 3793 231 3851 mannis
252 3792 408 3863 mantus,
439 3795 550 3859 anginis
568 3808 615 3846 es·
657 3793 762 3858 Quippe
787 3793 910 3858 capuces
933 3795 968 3848 ab
986 3797 1036 3848 leuc
1061 3805 1170 3852 cratere

98 3867 171 3917 sent.
210 3861 247 3914 iii
270 3871 438 3926 opponuntur
455 3862 544 3915 Gallis
565 3875 615 3914 ex-
656 3861 840 3916 sssintisutur
856 3863 1003 3928 quicunque
1020 3867 1123 3920 devicti
1140 3869 1171 3924 in

98 3943 197 3988 temne
208 3931 330 3994 originis
363 3933 423 3983 itcc
438 3931 492 3982 sini
507 3932 615 3982 ruiuuea
656 3931 796 3983 arvinum
812 3931 960 3986 Βοιιιιιιι
976 3934 1078 4000 recepti
1098 3941 1172 3992 eunt.

97 4001 204 4059 uiuitur
214 3999 529 4066 indigenaeiuseunturu
541 4011 616 4050 caur-
657 4000 704 4054 Sic
728 4001 810 4054 uetat
827 4013 881 4052 uun
900 4009 955 4054 teu
978 4007 1172 4068 ccuparutaut

97 4073 223 4135 piendum
237 4070 419 4136 suffecerunt,
436 4077 510 4121 uteu
523 4069 616 4120 urdine
658 4081 736 4132 quern
759 4071 948 4134 tenpersudse
969 4075 1172 4140 exugendaui

97 4141 305 4194 excluderentur
321 4137 413 4192 hedui
423 4137 543 4204 sauduue
557 4136 616 4192 its·
658 4137 774 4194 inuenit
785 4139 864 4195 ovid.
878 4142 942 4194 itae
955 4141 999 4213 li,
1015 4147 1077 4198 tto.
1097 4145 1171 4202 vae·-
