2862 4810
414 281 518 356 ΗΒ.
539 279 607 356 vl.
647 279 769 357 GAP.
790 281 947 357 15-18.
1150 285 1218 357 260

144 472 192 541 tia
214 468 343 553 obviarn
367 469 452 539 itum
473 469 667 553 fraudibus,
688 491 775 560 qnae
788 471 912 538 totiens
926 473 1268 560 repressaerniraeee.

144 598 208 668 per
227 583 317 642 artes
336 597 472 641 rursum
495 576 701 646 oriebantur.
751 572 820 643 Sed
840 581 910 640 tum
928 573 1098 644 Graeehne
1119 601 1218 667 prae·

145 687 220 758 tor,
241 679 294 746 eui
311 701 349 746 ea
362 677 515 766 quaestio
530 683 703 758 evenerat,
724 677 939 744 multitudine
955 679 1216 768 periclitantium

147 783 306 851 subactus
327 781 461 849 rettulit
483 781 526 849 ad
546 790 715 862 senatnm3
753 779 944 871 trepidique
958 787 1072 871 patres
1095 783 1218 872 (neque

145 885 229 952 eninr
250 883 424 972 qnisquam
445 885 508 952 tali
528 887 626 975 eulpa
646 885 787 972 naeuus)
810 885 937 952 veniam
959 906 978 949 a
997 884 1218 976 prinoipepe-

144 991 269 1070 tinem
303 997 338 1054 et
357 986 556 1055 eonoedento
577 1009 681 1054 annuo
702 986 736 1052 in
755 995 927 1075 posterum
944 1007 1066 1073 sexque
1086 1009 1218 1058 menses

145 1090 238 1173 dati,
265 1091 342 1178 qnia
361 1091 541 1160 seeundum
561 1090 653 1158 insse
667 1089 753 1176 legis
768 1091 914 1156 rationes
929 1089 1111 1158 familiares
1125 1095 1219 1180 qnis-

146 1215 212 1282 que
233 1203 479 1282 componerent.
529 1199 584 1263 1⁷.
614 1191 703 1258 Hine
720 1191 831 1280 inopie
845 1191 895 1257 rei
911 1193 1099 1275 numeriae,
1127 1215 1218 1261 eom·

146 1301 238 1364 moto
252 1297 352 1364 simui
366 1298 508 1363 omniurn
523 1316 600 1362 aere
614 1297 739 1375 alieno,
768 1305 805 1361 et
818 1295 897 1381 quia
912 1301 964 1361 tot
978 1293 1144 1364 damnatio
1158 1297 1218 1364 bo-

147 1401 266 1488 nisque
279 1421 392 1466 eorum
408 1399 586 1466 divenditis
598 1400 762 1486 signatum
778 1408 949 1483 argentum
964 1399 1044 1466 fiseo
1058 1401 1112 1466 vol
1124 1421 1218 1467 aera-

147 1503 200 1570 rio
228 1503 443 1571 attinebatur.
492 1501 552 1569 Ad
572 1502 635 1569 hoe
658 1507 794 1568 senatus
814 1501 1098 1590 praeseripaerat,
1132 1503 1218 1572 dnae
1321 1575 1323 1580 ,

148 1605 291 1693 quisque
317 1607 443 1674 fenoris
471 1613 587 1696 partes
611 1609 645 1672 in
672 1603 763 1690 agria
788 1625 849 1693 per
872 1603 1006 1671 ltaliam
1026 1607 1218 1680 eolloearet.

150 1707 220 1775 Sed
242 1707 425 1777 creditores
442 1709 476 1776 in
495 1709 639 1777 solidum
656 1707 886 1796 appellabant3
913 1729 973 1774 nee
989 1705 1144 1776 deeorurn
1160 1731 1226 1800 ap·-

149 1812 302 1900 peilatis‚
330 1813 477 1880 minnere
500 1811 610 1883 iidem.
651 1810 706 1880 Ita
725 1811 835 1897 primo
855 1812 1067 1878 eonenraatio
1086 1817 1122 1879 et
1140 1835 1218 1904 pre-

149 1935 223 1995 ees;
250 1915 325 1981 dein
346 1923 496 2005 strepere
515 1916 681 2004 praetoris
698 1913 863 1996 tribuna13
894 1935 998 2002 eoque
1013 1937 1097 2003 quae
1111 1937 1219 1984 norne-

149 2017 206 2084 die
227 2019 395 2106 quaesita,
422 2018 570 2086 venditio
592 2024 628 2085 et
643 2016 783 2106 ereptio,
813 2017 847 2082 in
861 2017 1063 2084 eontrarium
1082 2021 1218 2100 mutari,

151 2121 230 2207 quia
250 2121 453 2188 feneratores
476 2143 604 2188 omnem
625 2119 797 2207 pecuniam
820 2117 1007 2186 mereandis
1029 2125 1119 2207 egris
1140 2145 1218 2188 eon-

152 2221 316 2292 diderant.
357 2221 495 2313 copiam
516 2220 679 2291 vendendi
696 2230 811 2289 saouta
831 2223 977 2304 viditate,
998 2231 1122 2310 quanto
1139 2223 1217 2312 quis

150 2329 357 2409 obaeratior,
382 2327 516 2413 aegrine
536 2325 782 2408 distrahebant,
804 2325 967 2412 multique
980 2325 1124 2394 fortunis
1139 2347 1219 2416 pro-

148 2431 382 2514 volvebantur3
417 2429 547 2498 eversio
566 2431 617 2498 rei
636 2427 812 2495 iarniliaris
834 2425 1030 2513 dignitatem
1043 2451 1081 2495 eo
1094 2431 1217 2498 ternam

148 2555 308 2625 praeeepe
336 2529 454 2615 dabat,
487 2530 592 2600 donee
610 2529 692 2600 tulit
709 2548 805 2619 opem
825 2529 953 2600 Caesar
972 2529 1137 2618 disposito
1156 2551 1219 2622 per

149 2659 283 2708 mensae
308 2635 417 2703 milies
445 2635 624 2716 sestertio,
655 2631 811 2721 fonteque
830 2630 1004 2698 mutuandi
1027 2633 1123 2720 eopia
1144 2633 1218 2712 sine

150 2741 265 2808 neuris
281 2759 343 2829 per
355 2739 552 2818 triennium,
575 2737 606 2804 ai
627 2735 760 2804 debitor
775 2736 898 2824 popule
912 2735 948 2801 in
964 2731 1102 2825 duplum
1120 2755 1220 2827 prae-

150 2843 219 2912 diis
230 2843 386 2914 renuant.
427 2839 485 2912 Sia
500 2843 626 2910 reieeta
638 2839 740 2922 fidae,
758 2845 794 2906 et
813 2837 972 2928 paulatim
993 2837 1118 2925 privati
1135 2860 1220 2930 qne·

151 2969 218 3038 qne
239 2943 422 3012 oreditoras
443 2945 581 3034 reperti.
624 2941 746 3032 Neque
763 2941 888 3032 emptio
905 2958 1060 3030 agrorum
1073 2945 1221 3012 exsuita

151 3049 196 3118 ad
211 3049 350 3118 iorrnana
363 3055 499 3116 unates
512 3045 677 3129 oonaulti,
697 3045 851 3130 ouem,
870 3052 910 3116 ut
922 3045 1026 3116 ierme
1038 3047 1139 3132 tolia,
1154 3047 1220 3118 ini·

149 3154 227 3237 tiis,
249 3151 417 3218 incurioso
430 3151 507 3220 fine.

250 3259 305 3328 18·
324 3253 414 3322 Dein
424 3251 566 3322 redeunt
581 3251 710 3344 priores
725 3259 833 3321 metus
847 3251 1017 3340 postulato
1032 3251 1219 3320 maiestatis

151 3356 311 3427 Considio
330 3353 493 3441 Proen103
529 3359 588 3446 qui
610 3358 703 3426 nullo
723 3374 846 3446 pavore
865 3353 952 3424 diem
971 3355 1116 3422 natalem
1132 3355 1220 3422 oola·

152 3563 176 3615 1.
199 3577 225 3627 p.
244 3567 303 3648 ³⁸²:
333 3559 419 3632 νόμον
437 3561 517 3652 ⁸erede
542 3561 664 3652 παλαιῇ
769 3562 932 3616 merofledis
964 3561 1047 3630 aptit
1079 3561 1219 3616 ebionim

150 3631 665 3770 iustitiet‘trttzitui
705 3634 1219 3768 metuentium&

151 3765 417 3836 nnoaooripieer.
451 3773 506 3824 Atti
520 3773 608 3825 eitter-
703 3775 842 3824 euenere
860 3769 1000 3832 nolebant3
1029 3767 1056 3819 in
1072 3781 1139 3822 aron
1152 3781 1219 3823 eon·

203 3835 291 3889 (217.
323 3843 475 3901 commoto]
499 3841 568 3892 Dum
586 3851 663 3892 aum
704 3843 768 3891 dere
785 3837 927 3902 ponuntur
946 3837 1035 3888 unua
1060 3837 1123 3890 red.
1162 3841 1219 3892 Ant

149 3903 263 3969 quisque
281 3909 419 3970 pourton
437 3909 664 3973 oreditorrepette
705 3909 815 3962 dairas
832 3913 892 3957 osta
914 3906 1067 3972 pameas
1083 3919 1219 3963 men-

147 3975 242 4024 eodenr
252 3979 385 4040 tenporee
402 3979 508 4030 duran
525 3978 581 4028 dte
598 3979 664 4029 eil·
705 3979 750 4033 ao
765 3973 917 4043 maen.
929 3977 1119 4044 mamm,
1136 3991 1220 4033 nean

147 4044 396 4108 genaenerae
420 4044 666 4110 grateman-
705 4046 894 4103 nundina-ae.

148 4111 605 4183 geoapreoraauneegrrs
743 4113 1221 4184 remuneraturum.
