2868 4802
359 293 466 368 ΗΒ.
487 293 588 369 Xiss.
629 293 750 369 ΜΡ.
776 297 932 424 28-12.
1108 305 1175 414 441
1429 301 1430 356 i

198 483 255 554 31.
275 479 411 552 Nerone
422 483 616 569 meandum,
629 481 1334 582 Lusio-Pisonemnrubbaspau-(aaero.)

101 609 139 654 aa
160 589 318 654 memoria
343 587 442 674 digna
461 609 617 674 evenere,
637 589 704 656 nisi
715 589 771 656 oui
782 588 888 659 libeat
902 592 1078 664 laudandis
1093 599 1169 668 iun·
1202 595 1315 649 ⁰2⁰·57·

101 692 264 758 dementis
276 699 313 758 et
324 691 491 774 trabibus,
508 693 585 780 quie
600 692 720 760 molem
730 692 965 780 amphitheatri
977 698 1067 786 apud
1080 721 1168 770 eam-

101 817 178 884 pum
197 795 319 864 Martis
339 793 465 865 Caesar
478 802 705 880 exstruxerat,
726 796 894 877 velundae
909 798 1069 886 impiere,
1090 825 1167 872 enm

100 919 139 964 ex
158 896 323 983 dignitate
335 897 452 986 popuii
466 897 609 966 Romani
629 907 799 986 repertam
812 901 860 966 sit
872 921 929 968 rea
941 903 1093 974 illustres
1109 927 1169 974 an·

100 1000 252 1078 nulibus,
273 1001 356 1068 talia
371 999 500 1068 diurnis
514 1000 609 1068 urbis
624 1001 708 1068 sotir
721 1001 891 1074 mandere.
933 1003 1090 1076 Getarum
1111 1030 1168 1076 ao-

99 1104 208 1170 loniae
236 1103 352 1192 Capua
380 1111 481 1192 atque
510 1101 659 1190 Nuceria
687 1101 812 1172 additis
830 1110 998 1176 veteranis
1015 1111 1168 1180 iimnetae

102 1213 197 1291 sunt3
233 1207 409 1297 plebeique
430 1205 634 1292 oongiarinm
660 1206 878 1296 quadringeni
898 1212 1023 1280 nummi
1040 1214 1167 1284 viritim

103 1309 190 1393 dati,
211 1317 247 1378 et
260 1310 453 1378 sestertium
471 1307 741 1398 quadringenties
754 1311 884 1382 aerario
895 1313 1028 1382 illatum
1050 1324 1105 1384 est
1124 1314 1169 1386 ad

101 1412 304 1480 retinendam
323 1413 440 1502 populi
454 1411 565 1484 fidem.
607 1413 765 1502 Vestigai
776 1437 906 1504 qnoque
921 1419 1057 1506 quintae
1069 1425 1105 1488 et
1120 1419 1169 1490 ri·

102 1519 243 1582 arnimar
267 1517 429 1584 venalium
450 1514 687 1604 menoipiorrrm
709 1517 907 1601 remissum,
935 1523 1047 1610 speeie
1061 1523 1169 1612 ιιιιιῑίι

102 1641 198 1705 quam
219 1619 271 1697 vi,
298 1619 376 1706 quie
398 1639 472 1684 rum
496 1616 648 1686 venditor
671 1619 814 1708 pendere
827 1621 1016 1709 innonatur,
1042 1625 1077 1696 in
1089 1647 1169 1720 per-

102 1727 168 1788 tem
189 1721 292 1810 pretii
312 1720 520 1810 emptoribus
540 1723 777 1814 aaoeresoebnt.¹
817 1721 935 1794 Edixit
954 1725 1098 1813 Caesar,
1124 1751 1168 1797 ne

103 1827 177 1914 quis
198 1825 415 1910 magistratus
431 1830 490 1890 eut
511 1835 727 1911 procurator,
748 1825 806 1913 qui
820 1829 1022 1916 provinoiem
1038 1832 1169 1901 obtine-
1196 1891 1205 1914 χ

101 1935 171 2008 ret,
192 1929 415 2016 aperteoulum
428 1925 651 2015 gladiatorum
666 1936 725 1996 eut
738 1929 884 2016 ferarum
898 1941 958 2000 ont
971 1933 1061 2024 qnod
1074 1933 1169 2004 eliud

102 2030 265 2098 ludicrum
293 2031 424 2114 ederet3
467 2052 544 2097 nam
573 2039 651 2098 ante
678 2052 744 2098 non
765 2031 873 2100 minus
899 2037 961 2104 teli
988 2039 1169 2127 largitione

102 2153 200 2220 quam
226 2135 445 2222 corripiendis
469 2135 617 2224 pecuniis
646 2133 817 2202 subiectos
844 2137 1052 2226 affligebant,
1086 2143 1167 2212 dnm

104 2257 187 2324 quae
204 2236 341 2304 libidine
361 2237 587 2328 deliquerent,
615 2237 740 2304 ambitu
754 2249 973 2327 propugnant.
1019 2245 1076 2314 32
1100 2243 1168 2312 Fa-

102 2349 190 2406 etum
206 2348 240 2406 et
261 2353 396 2410 senatus
410 2345 598 2410 oenenltum
613 2341 732 2408 ultioni
747 2341 839 2408 inxte
856 2349 892 2408 et
903 2345 1094 2429 sonoritati,
1116 2352 1168 2432 ut,

103 2444 132 2509 si
147 2444 224 2531 quis
240 2467 259 2510 a
275 2443 347 2512 ruis
360 2447 467 2513 servis
481 2445 692 2512 interfectum
707 2449 814 2526 osset,
835 2445 860 2510 ii
873 2465 1021 2534 quoque,
1042 2451 1102 2537 qni
1117 2458 1168 2518 te·

103 2553 266 2614 stamento
289 2549 484 2616 manumissi
501 2547 564 2616 sub
586 2546 701 2614 eodem
720 2553 810 2614 teoto
832 2548 1049 2631 mansissent,
1076 2551 1168 2618 inter

103 2672 216 2718 servos
235 2651 400 2740 supplicia
416 2651 609 2741 penderent.
650 2649 818 2718 Redditur
832 2647 941 2716 ordini
955 2650 1082 2722 Lurius
1095 2651 1169 2722 Va·

102 2755 175 2820 rius
191 2755 394 2837 consularis,
419 2755 579 2823 avaritiae
593 2753 787 2821 oriminibns
800 2755 878 2820 olim
894 2757 1082 2842 peroulsus.
1121 2755 1169 2826 Bt

102 2853 285 2946 Pomponia
303 2857 465 2926 Graeoine
488 2857 629 2946 insignis
648 2856 787 2940 femina,
811 2855 967 2942 Plautio,
987 2860 1046 2947 qui
1065 2881 1168 2930 orans

170 3011 257 3067 det.
289 3013 422 3068 ceteram
437 3015 497 3066 edd.
530 3014 667 3070 omenes
682 3015 738 3067 tte.

103 3167 160 3234 sio,
174 3165 363 3220 {assensisset
376 3165 554 3237 principibus,
570 3167 615 3234 qui
655 3165 807 3236 stlargttio,
817 3167 881 3235 qnia
892 3177 1013 3236 sumptos
1024 3169 1055 3224 tt
1066 3169 1094 3224 tn
1103 3185 1169 3239 gre·

103 3242 179 3292 tanea
204 3237 308 3289 melitio
332 3241 440 3304 assent,
468 3248 498 3291 un
518 3253 536 3292 a
555 3241 616 3290 viro
657 3238 721 3290 tiam
735 3240 831 3303 popuii.
858 3243 934 3292 lieno
947 3242 1170 3306 ipsamlargtoto-

102 3309 266 3359 bonoteoile
281 3306 486 3359 offenderentur.
514 3307 616 3373 Nempe
657 3321 717 3359 nem
729 3311 1169 3376 rocetmoxembttomnmo-

102 3377 212 3440 Lipsius
225 3373 353 3428 mntctttn
364 3377 508 3428 maluerat.
657 3378 828 3429 devotentiae
845 3387 872 3428 et
889 3379 993 3443 gratiae
1010 3377 1169 3440 sueuprtio-

155 3443 187 3494 0.
199 3449 241 3496 tt.
264 3443 360 3508 populi
371 3441 468 3509 fidem]
486 3446 616 3507 ouoinoe
658 3453 735 3511 nrm,
753 3461 802 3510 per
816 3459 894 3510 narem
909 3455 1122 3512 consequuntur,
1138 3451 1169 3496 nr

104 3513 217 3562 dicimus
230 3511 434 3564 stoeteoreda't.
659 3515 694 3564 ab
707 3515 878 3565 recusatione
893 3513 942 3566 east
956 3515 1018 3564 rtur.
1041 3515 1094 3565 Per
1104 3511 1170 3564 titt-

156 3581 308 3631 remissam
326 3589 369 3630 rer
381 3582 556 3650 emptoribus,
573 3581 619 3647 qni
659 3583 753 3633 dinam
770 3583 890 3648 intellige
909 3596 960 3634 nen
977 3583 1056 3635 modo
1074 3583 1170 3634 Vene-

104 3657 185 3700 erane
205 3649 282 3698 niver
301 3657 328 3698 er
345 3651 457 3716 urbani,
479 3653 513 3703 ad
527 3653 618 3703 rubia·
659 3663 717 3702 rem
731 3651 887 3716 improbum,
906 3647 1047 3701 sedetiam
1060 3649 1170 3704 iniusti·

104 3719 222 3769 vandrur
236 3718 390 3780 eivirreama
411 3721 459 3770 aad
472 3719 619 3772 intnnomm
661 3719 743 3786 riam,
760 3719 919 3786 saevitiam,
941 3719 1056 3772 memma
1074 3719 1171 3774 arari-

103 3785 188 3839 daur
201 3785 401 3851 venditoribus,
421 3789 466 3852 qni
479 3798 557 3840 araur
568 3802 618 3839 ex·
661 3789 734 3840 tien.
769 3789 841 3839 Itan.

103 3853 193 3921 terni,
223 3855 259 3906 ad
276 3855 473 3910 raeerntendun
494 3861 618 3912 ᾱιιιιιιιιιι
712 3853 745 3908 c.
759 3859 802 3908 ³2.
830 3852 997 3919 Pomponio]
1017 3853 1174 3911 i'iilabend

102 3919 216 3978 aerarii·
659 3921 739 3978 dubio
751 3921 887 3990 Pomponii
900 3924 1036 3991 Graecini,
1050 3923 1095 3990 qui
1106 3937 1172 3980 oon·

152 3989 295 4058 pendere]
319 3987 383 4042 Seii.
396 3991 525 4058 vestigat.
661 3997 705 4046 eal
717 3993 767 4045 snb
780 3997 919 4060 Augusto,
935 3999 964 4042 et
976 3995 1011 4044 ed
1022 4007 1100 4059 quen
1113 3997 1174 4048 sle·

155 4058 386 4126 taliiorpttione]
397 4061 618 4114 lnoluuteaden-
660 4063 722 4128 gine
733 4063 824 4116 ovidii
835 4065 869 4116 do
884 4063 969 4115 Ponto
988 4063 1019 4132 1,
1034 4067 1060 4117 6.
1085 4063 1131 4133 11,
1146 4065 1174 4118 6.

100 4127 162 4200 dtr,
186 4127 215 4182 tn
233 4129 331 4195 onibus
350 4130 480 4195 pecuniae
500 4131 619 4196 provisio
662 4134 757 4202 1v‚e.

141 4217 277 4284 racem,
294 4215 340 4270 ad.
353 4214 535 4306 Doederlein.
926 4199 971 4268 26
