2814 4806
372 225 479 302 ΗΒ.
508 223 557 298 ΙΙ.
597 221 718 298 GAP.
740 229 898 300 41-43.
1125 235 1172 306 H

91 417 163 484 tete
176 413 339 506 matare.
361 466 364 478 .
379 413 534 503 Meum
549 413 584 484 iu
595 414 798 506 provinciam
811 414 981 500 mdaetnee
995 421 1070 496 eet,
1093 417 1216 496 tra-rr.

95 521 270 608 etibusque
287 521 360 586 eius
379 519 487 588 levari
509 541 611 610 posse
624 519 825 586 centesimae
838 522 980 608 vectigal
995 524 1167 610 protessus

96 623 221 694 cesar
246 622 508 692 ducentesimam
534 621 568 688 iu
596 630 769 711 posterum
801 624 933 692 statuit.
983 623 1051 692 Per
1077 625 1165 694 idem

95 736 225 814 tempus
244 725 415 796 Antiocho
438 725 754 810 commagenam,
787 722 1004 815 Philopatore
1024 726 1167 798 Cilicum

93 831 231 918 regibus
259 829 442 912 damnetis,
468 827 692 896 turbabantur
713 828 883 910 nationes,
909 830 1079 918 plerisque
1098 833 1168 902 Ro-

94 955 247 1012 manum,
276 934 352 1000 eliis
375 955 412 1000 re
436 931 504 998 ium
524 930 699 1026 imperium
721 931 955 1020 cupientibus3
986 943 1021 1000 et
1035 937 1169 1024 provin.

95 1037 164 1105 cias
183 1036 284 1106 Suria
303 955 566 1124 etquebudaea,
591 1034 700 1100 fessae
715 1035 890 1118 oneribus,
909 1035 1168 1106 deminutionem
1254 1085 1256 1095 =

97 1140 216 1208 tributi
231 1138 384 1208 orabant.
430 1143 487 1210 43.
513 1136 625 1222 Igitur
636 1135 716 1202 baec
731 1145 766 1203 et
779 1136 821 1203 de
834 1139 998 1208 Armenia
1012 1161 1099 1228 quoe
1112 1163 1170 1208 su·

65 1281 74 1294 ·
95 1265 153 1332 pre
174 1244 357 1310 memoravi
377 1241 465 1332 apud
486 1250 603 1330 patres
626 1237 806 1321 disseruit,
838 1262 898 1308 nse
922 1255 1023 1330 poseo
1044 1252 1170 1314 motum

97 1348 272 1416 Oriente·
292 1345 359 1414 nisi
381 1344 572 1414 Germanici
590 1343 756 1432 sapientia
777 1346 947 1433 componi:
979 1369 1054 1416 nam
1074 1371 1170 1418 suam

95 1459 238 1520 sentem
258 1471 417 1538 vergere,
441 1448 549 1516 Drusi
567 1445 711 1514 nondum
730 1446 815 1512 satis
835 1445 1032 1522 adolevisse.
1072 1451 1172 1522 Tune

95 1553 231 1622 decmto
250 1561 385 1644 petrum
415 1552 600 1641 permissae
623 1549 821 1618 Germanice
843 1554 1051 1640 provinciae,
1083 1578 1170 1644 quae

95 1657 182 1724 meri
215 1653 430 1734 dividuntur,
472 1655 644 1740 maiusque
675 1653 850 1740 imperium
881 1677 1014 1744 quoquo
1042 1655 1171 1730 adisset

95 1781 197 1846 quern
214 1758 276 1840 iis,
302 1759 360 1848 qui
379 1765 472 1826 sorte
489 1763 548 1822 aut
563 1757 667 1820 missu
682 1755 841 1842 principie
856 1755 1056 1832 obtinerent.
1100 1761 1170 1832 Sed

96 1861 259 1930 Tiberius
276 1859 465 1930 demoverat
484 1859 584 1927 Suria
600 1855 769 1926 Creticum
785 1857 956 1940 Silanum,
982 1885 1044 1952 per
1063 1866 1172 1932 affini.

97 1975 205 2033 tetem
220 1985 395 2031 connexum
414 1961 630 2042 Germanico,
652 1961 729 2048 quia
746 1961 855 2030 Sileni
870 1961 940 2028 filie
954 1963 1093 2048 Neroni,
1115 1991 1173 2036 ve-

99 2069 288 2138 tustissimo
315 2067 499 2134 liberorum
527 2064 618 2144 eius,
646 2069 745 2150 pacta
771 2071 862 2147 erat3
901 2067 1172 2158 praefeceratque

100 2171 250 2240 Gnaeum
264 2166 435 2250 Pisonem,
454 2167 585 2254 ingenio
598 2166 777 2234 violentum
793 2176 827 2233 ct
840 2167 990 2256 obsequii
1006 2175 1172 2258 ignarum,

96 2277 202 2346 insite
222 2273 346 2340 ferocia
362 2295 381 2340 a
395 2279 492 2362 patre
506 2267 646 2352 Pisone,
666 2267 726 2358 qui
746 2268 836 2335 civili
851 2269 941 2337 bello
958 2284 1172 2364 resurgentes

97 2381 132 2450 in
146 2378 269 2448 Africa
289 2383 405 2468 partes
426 2375 589 2442 acerrimo
611 2371 796 2440 ministerio
817 2369 977 2444 adversus
992 2373 1172 2446 Caesarem

98 2483 201 2563 iuvit,
229 2501 303 2548 mox
323 2479 467 2546 Brutum
488 2484 523 2544 et
541 2473 695 2546 Cassium
711 2480 866 2558 secutus,
888 2498 1045 2548 concesso
1059 2478 1172 2546 reditu

98 2585 262 2678 petitione
280 2583 439 2650 bonerum
459 2579 640 2660 abstinuit,
661 2577 764 2646 donec
778 2578 869 2646 ultro
883 2578 1066 2648 ambiretur
1080 2579 1173 2650 dela·

100 2697 171 2756 tum
192 2687 235 2754 eb
255 2686 414 2772 Auguste
435 2684 643 2750 consulatum
665 2680 827 2768 occipere.
869 2677 937 2746 Sed
957 2690 1092 2766 praeter
1112 2705 1173 2772 pe-

99 2799 215 2860 ternoe
228 2787 370 2878 spiritus
383 2787 496 2854 uxoris
510 2808 641 2876 queque
656 2781 837 2854 Plancinae
850 2780 1025 2852 nobilitate
1046 2790 1081 2852 et
1101 2786 1174 2876 opi.

155 2965 306 3016 reductum
325 2965 382 3023 eet]
412 2963 496 3016 Pente
515 2969 617 3025 poete
657 2957 810 3025 emperiam
822 2955 977 3028 muretum,
993 2963 1021 3016 et
1034 2963 1072 3015 n.
1086 2965 1174 3017 Aneo-

100 3034 273 3094 Gernentco,
289 3033 370 3083 mteeo
383 3035 416 3086 sd
429 3031 616 3098 resonantis,
657 3033 703 3084 nio
716 3029 831 3080 Cretico.

100 3118 164 3168 ceo.
177 3099 220 3152 42.
234 3101 277 3152 56.
302 3101 386 3152 strab.
399 3103 462 3152 xil.
481 3116 505 3164 p.
521 3097 581 3152 534.
708 3097 854 3149 Creticum
870 3098 1015 3160 Silanum]
1041 3101 1082 3151 Ex
1095 3101 1174 3154 lunis

151 3169 337 3230 centesimae]
356 3171 482 3222 lueeteute
495 3174 538 3220 est
550 3179 616 3218 een·
658 3167 683 3218 ts
702 3167 822 3234 tamine,
845 3169 895 3218 eeu
907 3169 1048 3230 adoptione
1062 3171 1089 3220 tn
1102 3171 1175 3221 cee-

101 3241 198 3292 tesius
218 3253 307 3290 rerum
328 3239 355 3290 tn
373 3238 540 3290 auctionibus
565 3249 616 3286 ve·
658 3235 748 3287 citiam
762 3235 917 3288 transierat.
956 3237 1051 3301 ltaque
1065 3239 1174 3289 nomine

101 3311 201 3362 nolimu
220 3311 281 3370 post
299 3309 370 3359 betta
388 3307 482 3358 civitio
496 3307 524 3357 tn
537 3303 615 3358 euxt·
657 3305 698 3356 uu
712 3307 742 3364 ο.
757 3303 894 3356 Caecilius
907 3307 1033 3356 Metellus
1050 3303 1174 3356 creticus

101 3379 166 3430 lium
179 3377 281 3428 sersrti
293 3375 433 3439 merosum
446 3377 469 3437 1,
479 3375 523 3428 78·
540 3379 615 3426 Suet.
657 3375 775 3426 Silenus·
801 3373 852 3424 Dio
865 3373 927 3434 LV,
944 3375 987 3424 30.

102 3444 213 3498 oeteo.
232 3445 298 3495 Cum
313 3447 424 3510 populus
439 3457 524 3506 suoru
536 3443 559 3509 1,
571 3443 616 3496 78.
707 3441 739 3492 ee
758 3439 877 3508 Africa]
906 3439 976 3492 uret.
995 3439 1025 3490 B.
1048 3439 1108 3490 Ate.
1130 3437 1173 3492 18.

102 3515 171 3566 irrue
199 3515 318 3578 vertige!
346 3515 505 3575 deprecatus
532 3518 616 3578 essee,
658 3507 700 3560 Μ.
721 3509 855 3562 Petreius
873 3511 903 3560 et
927 3509 983 3560 Gn.
1007 3507 1092 3557 Piso
1108 3517 1173 3559 eum

101 3583 157 3634 tem
176 3581 297 3632 Tiberius
316 3581 343 3632 tn
364 3591 466 3632 mntem
492 3581 617 3644 precibus
659 3578 799 3642 coaeterua
811 3578 947 3630 Numtde'e
966 3575 1172 3629 mitterentune

102 3651 161 3702 inis
184 3651 281 3715 cesse,
311 3657 341 3701 ut
359 3650 568 3701 ducentesimam
589 3648 618 3698 in
659 3646 758 3698 electis
775 3647 962 3710 peditatuque
983 3644 1045 3694 etus
1057 3647 1175 3710 aeserte

99 3721 238 3786 posterum
258 3713 399 3770 statueret.
438 3717 618 3769 Centesimum
659 3717 733 3768 eatis
745 3713 1032 3782 arande'occurrunt.
1059 3713 1095 3765 Et
1108 3727 1133 3763 c.
1146 3712 1173 3766 4.

99 3789 171 3840 idem
190 3787 295 3838 reduxit
315 3796 375 3848 nost
389 3785 482 3840 serant
498 3790 618 3854 caedem,
709 3785 901 3844 comulatam]
928 3783 994 3850 curu
1007 3779 1066 3846 lpse
1077 3783 1173 3848 Augu-

100 3857 152 3908 nro
165 3857 278 3919 nvlu,
296 3859 339 3906 16.
660 3859 703 3903 eto
714 3855 820 3916 gestum
833 3865 859 3902 e.
873 3865 899 3902 u.
912 3849 972 3902 7³1.

151 3923 181 3973 c.
194 3922 238 3973 43.
271 3925 377 3988 supra]
401 3921 463 3974 vid.
478 3921 523 3989 11,
541 3923 566 3974 3.
711 3917 880 3978 Plancinae]
912 3921 938 3969 Δ
962 3915 1177 3986 merewitt,

152 3993 245 4044 metae
258 3993 424 4058 deopertum]
441 3993 477 4041 Ut
487 3991 618 4055 quereum
660 3991 705 4040 22.
730 3987 853 4037 Muneris
864 3987 997 4038 Plancius
1010 3987 1122 4051 utalaam
1147 3993 1179 4040 ut

97 4059 226 4122 Pompeio
242 4063 342 4126 Magno
367 4061 481 4124 piratico
499 4061 526 4112 iu
546 4059 619 4108 oeno
661 4058 766 4111 certum
785 4055 822 4107 eit
841 4067 901 4109 eam
916 4055 1033 4107 eeleoru
1050 4055 1127 4112 itlius
1143 4059 1179 4114 n.
1213 4111 1219 4132 ἢ

137 4145 273 4214 recum,
289 4147 335 4201 ed.
347 4144 530 4201 neemreeen.
944 4125 968 4188 7
