2870 4804
320 263 422 338 ara.
444 260 543 333 xiv,
585 257 885 357 clau-ee.
1073 266 1140 338 aas

80 459 129 528 ria
150 451 287 541 lastigie
305 445 441 524 induaii
482 449 651 540 Denique,
678 447 710 518 ai
728 448 766 518 id
782 449 884 528 ndns
896 449 1079 536 sunderat,
1098 451 1191 524 lta

80 563 161 630 baua
173 580 272 648 quarn
287 563 423 624 euectus
437 554 559 622 aeeiret
573 551 755 640 dominam,
781 557 836 623 val
849 555 1036 624 aemulerat
1048 577 1144 634 esau,-

81 661 176 730 ritati
198 663 286 728 iusta
308 657 447 727 ultione.
489 654 536 724 Et
554 655 694 724 medicis
711 656 867 724 remediis
882 658 1010 748 primas
1031 663 1143 726 anetus

80 761 289 832 consedisse:
319 765 354 828 at
372 761 403 826 ai
422 755 599 847 desperent
620 783 756 828 uxerem
779 759 928 828 Neronis
944 760 1016 828 lere
1040 760 1144 826 Oeta-

81 867 185 950 riam,
204 867 258 934 illi
276 865 433 932 maritum
448 861 598 932 daturas.
638 869 693 936 62.
713 861 838 932 Varius
852 885 961 932 sernia
974 870 1009 930 et
1021 861 1064 930 ad
1076 883 1145 930 na·

81 977 150 1038 tum
174 977 275 1058 atque
297 969 381 1035 iram
402 964 669 1052 aueummadutua
690 965 813 1034 terruit
831 965 933 1032 simul
957 965 1144 1034 audientem

81 1081 116 1140 et
141 1070 305 1140 aseendit.
358 1067 428 1138 Sed
448 1091 566 1158 param
590 1070 724 1138 valebat
744 1068 892 1158 snepiaie
912 1069 947 1136 iu
965 1091 1081 1150 serre,
1110 1075 1146 1136 at

81 1173 333 1263 quaestionibus
356 1174 552 1240 aueillarum
574 1174 668 1242 elusa
688 1179 773 1242 erat.
813 1193 894 1258 erga
908 1172 1146 1240 eautuaianaur

83 1277 225 1344 alieuius
241 1276 357 1364 quaeri
371 1276 498 1364 placet,
519 1275 574 1342 eui
586 1297 697 1342 rerum
710 1297 841 1366 quaque
852 1297 1009 1343 novarum
1022 1277 1147 1347 eriauen

83 1379 309 1466 attingeretur.
358 1377 404 1447 Et
423 1377 517 1446 risum
536 1375 678 1446 iduuaua
695 1371 863 1446 maternae
882 1379 974 1446 neeis
995 1385 1149 1468 patrator

83 1479 266 1564 Anicetus,
295 1479 398 1548 eleari
421 1479 510 1570 apud
529 1479 713 1561 Misenum,
741 1488 780 1548 ut
798 1481 995 1564 memoravi,
1019 1483 1149 1572 praele-

84 1587 177 1664 etus,
206 1583 273 1650 levi
293 1589 372 1672 pest
392 1582 575 1652 admissum
601 1583 712 1651 saalus
733 1585 860 1670 gratia,
896 1583 972 1652 dein
996 1584 1149 1672 graviore

85 1683 179 1766 adio,
205 1685 282 1774 quia
302 1687 466 1754 malarum
479 1684 663 1754 facinorum
677 1684 822 1754 ministri
836 1687 933 1776 qusai
947 1689 1149 1776 uprabran·

85 1796 138 1857 tes
150 1788 369 1878 aspiciuntur.
409 1787 521 1876 Igitur
536 1787 677 1854 auaitum
693 1808 768 1856 eum
782 1787 908 1860 caesar
920 1813 1041 1882 operae
1059 1793 1150 1882 prie-

86 1891 134 1958 ris
148 1889 318 1960 admouet:
347 1892 456 1958 selum
471 1890 694 1960 ineolumitati
708 1891 869 1982 prineipis
890 1893 1050 1964 adversus
1068 1895 1151 1962 insi-

87 1991 234 2062 diantem
245 2001 385 2062 matrem
399 1993 611 2074 salvantem
638 1993 747 2062 laeum
760 1993 849 2062 laud
864 1996 1002 2064 urinaria
1019 2003 1150 2085 ,musa

85 2097 231 2178 instare,
258 2097 290 2162 si
306 2097 475 2182 reningam
493 2097 657 2167 intensam
671 2096 866 2186 depelleret.
906 2121 967 2166 nae
980 2121 1078 2168 mauu
1091 2109 1152 2170 aut

86 2201 156 2266 tela
173 2217 275 2288 epus:
299 2198 464 2266 fateretur
484 2197 647 2268 Octaviae
665 2197 879 2272 adulterium.
921 2201 1063 2272 Oeaulta
1078 2206 1153 2294 qui-

88 2301 162 2369 dem
176 2301 219 2368 ad
232 2321 402 2392 praeseus,
421 2299 481 2370 aed
497 2321 614 2387 magua
627 2301 660 2366 ei
673 2304 863 2390 praeminet
875 2324 1028 2375 aaeaasus
1042 2329 1152 2378 amoa-

87 2425 148 2472 nea
169 2404 352 2496 premittit,
384 2404 439 2474 vel
458 2404 490 2472 si
511 2404 717 2490 negavisset,
753 2427 864 2473 ueeam
884 2407 1038 2482 intentat.
1087 2407 1153 2476 llle

87 2507 189 2576 insita
213 2505 386 2588 vecordia,
412 2512 448 2573 at
465 2505 627 2574 laailitate
644 2507 793 2596 priorum
813 2509 1032 2596 flagitiorum,
1053 2513 1153 2602 plura

89 2609 190 2676 etiam
213 2631 310 2696 quam
332 2609 459 2675 iussum
483 2615 556 2676 erat
579 2609 675 2695 lingit
696 2609 887 2698 tuteturque
904 2613 992 2703 apud
1015 2615 1151 2708 amices,

88 2733 174 2805 ques
192 2713 285 2779 velut
304 2711 443 2777 consiliu
463 2709 659 2780 adhibuerat
680 2713 844 2802 priaeeps.
899 2715 987 2784 Tum
1010 2716 1046 2782 iu
1070 2713 1153 2784 Sar·
1190 2717 1197 2724 “

90 2816 214 2882 diniaru
236 2813 395 2904 pellitur,
421 2812 481 2880 uhi
501 2837 567 2884 nan
586 2815 682 2905 inops
704 2816 837 2883 axilium
855 2817 1011 2886 toleravit
1030 2825 1064 2886 et
1081 2821 1152 2888 fate

90 2919 188 2986 obiit.
235 2921 291 2987 63.
317 2915 370 2983 At
389 2915 483 2984 Nero
502 2917 707 3004 praelectum
720 2919 755 2983 iu
771 2939 863 3008 spem
876 2921 1052 2990 sociandae
1066 2925 1153 2992 elas-

91 3021 141 3088 eis
155 3027 367 3108 surruptum,
387 3025 423 3086 at
436 3017 607 3088 iueusatae
618 3023 718 3110 paulo
734 3027 810 3088 anta
824 3023 1014 3092 sterilitatis
1027 3025 1154 3096 oblitus

92 3123 228 3192 abactas
242 3129 361 3215 partus
372 3123 575 3192 eeuseieutia
588 3124 782 3209 libidinum,
800 3146 906 3215 eaque
921 3129 988 3196 sihi
1005 3151 1155 3220 ramper-

159 3301 188 3352 c.
202 3304 247 3354 6².
279 3303 360 3352 eluta
376 3299 583 3366 erat-beatius,
600 3300 661 3352 sall.
676 3302 801 3364 renum
815 3303 946 3356 octaviae
959 3303 1094 3358 lualtlata.
1117 3311 1155 3359 at

126 3371 227 3422 mus.
243 3371 386 3438 eluserat,
410 3369 472 3420 sall.
485 3369 601 3420 octavia
613 3381 661 3422 reu
673 3368 868 3422 ammam
881 3371 1073 3443 insalutatam,
1087 3387 1156 3440 quo-

126 3437 198 3488 nlam
212 3441 381 3499 quaestiones
393 3437 552 3488 ancillarum
565 3439 698 3490 adversae
711 3441 902 3492 munnulus
915 3453 1070 3494 evenerant.
1087 3445 1156 3496 Nara

126 3507 242 3556 elsam
258 3505 416 3569 sinpliatter
432 3515 475 3556 aaa
491 3505 510 3554 l.
529 3519 554 3568 q.
572 3507 706 3573 evadere,
731 3510 807 3558 nulla
822 3507 929 3562 lntitrlt
945 3511 1060 3562 ustione.
1092 3511 1155 3562 vlu.

128 3573 164 3620 sd
187 3572 230 3632 ll,
253 3575 296 3624 5².
325 3576 414 3636 supra
430 3569 511 3624 att.
536 3568 678 3626 lltttaaeaa
700 3575 841 3627 alumne.
874 3579 909 3628 ut
926 3577 984 3626 siue
1000 3579 1104 3632 obtecto
1122 3581 1157 3631 u.

129 3638 191 3700 Ill,
208 3637 251 3690 ⁴7.
271 3644 365 3692 Vacua
381 3643 457 3692 arari
473 3643 605 3710 audens,
629 3644 655 3694 lu.
672 3656 697 3694 e.
713 3644 853 3707 aragisus
885 3647 978 3698 Deru.

162 3709 302 3758 matarum
318 3709 495 3774 ructuaretur]
519 3711 564 3762 sio
574 3713 639 3778 lte,
660 3719 690 3764 nt
702 3712 768 3778 111,
780 3712 806 3764 8.
830 3714 918 3766 Plaut.
933 3716 1005 3766 Men.
1016 3717 1054 3784 V,
1069 3717 1096 3785 7,
1114 3715 1158 3770 15¹.

35 3797 39 3803 “
128 3773 224 3826 muli·
238 3775 334 3843 1¹9⁴,
350 3778 394 3828 2⁵0
427 3779 649 3834 Auum

145 3943 298 4005 mamam]
322 3943 357 3994 Et
376 3911 546 4002 euu'naritu
557 3945 608 4002 trn·
700 3950 731 4004 c.
748 3953 792 4003 tt.
837 3951 871 4004 ut
895 3948 1065 4014 naeuwravt]
1095 3951 1160 4005 viu.

94 4015 212 4082 perium,
229 4013 339 4066 detruso
353 4015 475 4080 Nerone,
650 4029 702 4088 dap
724 4025 741 4072 ³

700 4055 789 4144 ‘osea
823 4087 983 4150 acerrae]
1000 4087 1063 4142 vra.
1077 4100 1101 4142 ο.
1115 4089 1161 4144 aa.
