<?xml version="1.0" encoding="UTF-8"?>
<!DOCTYPE html PUBLIC "-//W3C//DTD XHTML 1.0 Transitional//EN"
    "http://www.w3.org/TR/xhtml1/DTD/xhtml1-transitional.dtd">
<html xmlns="http://www.w3.org/1999/xhtml" xml:lang="en" lang="en">
 <head>
  <title>
</title>
<meta http-equiv="Content-Type" content="text/html;charset=utf-8" />
  <meta name='ocr-system' content='tesseract 3.04.00' />
  <meta name='ocr-capabilities' content='ocr_page ocr_carea ocr_par ocr_line ocrx_word'/>
</head>
<body>
  <div class='ocr_page' id='page_1' title='image "./ccorneliitaciti22tacigoog_0505.png"; bbox 0 0 2870 4804; ppageno 0'>
   <div class='ocr_carea' id='block_1_1' title="bbox 344 287 1181 368">
    <p class='ocr_par' dir='ltr' id='par_1_1' title="bbox 344 287 1181 368">
     <span class='ocr_line' id='line_1_1' title="bbox 344 287 1181 368; baseline 0.008 -11"><span class='ocrx_word' id='word_1_1' title='bbox 344 301 351 316; x_wconf 89' lang='lat'><strong>·</strong></span> <span class='ocrx_word' id='word_1_2' title='bbox 388 287 492 360; x_wconf 71' lang='lat' dir='ltr'>tlt.</span> <span class='ocrx_word' id='word_1_3' title='bbox 518 287 601 366; x_wconf 79' lang='lat' dir='ltr'>XV.</span> <span class='ocrx_word' id='word_1_4' title='bbox 644 287 764 363; x_wconf 72' lang='lat' dir='ltr'>GAP.</span> <span class='ocrx_word' id='word_1_5' title='bbox 788 293 903 364; x_wconf 81' lang='grc'><strong>3-6.</strong></span> <span class='ocrx_word' id='word_1_6' title='bbox 1116 295 1181 368; x_wconf 75' lang='grc'>181</span> 
     </span>
    </p>
   </div>
   <div class='ocr_carea' id='block_1_2' title="bbox 117 467 1424 570">
    <p class='ocr_par' dir='ltr' id='par_1_2' title="bbox 117 431 1424 570">
     <span class='ocr_line' id='line_1_2' title="bbox 117 467 1424 570; baseline 0.002 -24"><span class='ocrx_word' id='word_1_7' title='bbox 117 479 270 570; x_wconf 64' lang='lat' dir='ltr'>quamde</span> <span class='ocrx_word' id='word_1_8' title='bbox 288 474 443 552; x_wconf 85' lang='lat' dir='ltr'>secundia</span> <span class='ocrx_word' id='word_1_9' title='bbox 464 477 567 544; x_wconf 84' lang='lat' dir='ltr'>rebna</span> <span class='ocrx_word' id='word_1_10' title='bbox 584 478 671 562; x_wconf 83' lang='lat' dir='ltr'>auis,</span> <span class='ocrx_word' id='word_1_11' title='bbox 699 473 933 546; x_wconf 85' lang='lat' dir='ltr'>moderandam</span> <span class='ocrx_word' id='word_1_12' title='bbox 951 478 1105 562; x_wconf 71' lang='lat' dir='ltr'>Iomanes</span> <span class='ocrx_word' id='word_1_13' title='bbox 1123 499 1229 549; x_wconf 77' lang='lat' dir='ltr'>ra-az.</span> <span class='ocrx_word' id='word_1_14' title='bbox 1373 467 1375 472; x_wconf 51' lang='grc'>’</span> <span class='ocrx_word' id='word_1_15' title='bbox 1423 491 1424 516; x_wconf 67' lang='lat'>¹</span> 
     </span>
    </p>
   </div>
   <div class='ocr_carea' id='block_1_3' title="bbox 115 579 1273 3132">
    <p class='ocr_par' dir='ltr' id='par_1_3' title="bbox 115 579 1273 3132">
     <span class='ocr_line' id='line_1_3' title="bbox 119 579 1180 672; baseline 0 -22"><span class='ocrx_word' id='word_1_16' title='bbox 119 579 562 666; x_wconf 69' lang='lat' dir='ltr'>tnsmisit‘adYologoaen,</span> <span class='ocrx_word' id='word_1_17' title='bbox 578 581 637 666; x_wconf 89' lang='lat' dir='ltr'>qni</span> <span class='ocrx_word' id='word_1_18' title='bbox 649 583 899 668; x_wconf 85' lang='lat' dir='ltr'>expostularent</span> <span class='ocrx_word' id='word_1_19' title='bbox 911 583 976 650; x_wconf 84' lang='lat' dir='ltr'>vim</span> <span class='ocrx_word' id='word_1_20' title='bbox 993 584 1180 672; x_wconf 82' lang='lat' dir='ltr'>provinciae</span> 
     </span>
     <span class='ocr_line' id='line_1_4' title="bbox 116 683 1180 770; baseline 0.003 -18"><span class='ocrx_word' id='word_1_21' title='bbox 116 687 264 752; x_wconf 86' lang='lat' dir='ltr'>illatam:</span> <span class='ocrx_word' id='word_1_22' title='bbox 297 683 423 752; x_wconf 83' lang='lat' dir='ltr'>aecium</span> <span class='ocrx_word' id='word_1_23' title='bbox 449 683 653 770; x_wconf 79' lang='lat' dir='ltr'>amicumque</span> <span class='ocrx_word' id='word_1_24' title='bbox 674 705 821 770; x_wconf 62' lang='lat' dir='ltr'>regam„</span> <span class='ocrx_word' id='word_1_25' title='bbox 838 687 991 764; x_wconf 78' lang='lat' dir='ltr'>cobortes</span> <span class='ocrx_word' id='word_1_26' title='bbox 1013 685 1180 755; x_wconf 82' lang='lat' dir='ltr'>Romanae</span> 
     </span>
     <span class='ocr_line' id='line_1_5' title="bbox 117 785 1180 875; baseline -0.003 -18"><span class='ocrx_word' id='word_1_27' title='bbox 117 785 356 856; x_wconf 69' lang='lat' dir='ltr'>circumsideri.</span> <span class='ocrx_word' id='word_1_28' title='bbox 387 785 677 873; x_wconf 87' lang='lat' dir='ltr'>omitteretpotins</span> <span class='ocrx_word' id='word_1_29' title='bbox 688 785 903 868; x_wconf 79' lang='lat' dir='ltr'>obsidionem,</span> <span class='ocrx_word' id='word_1_30' title='bbox 925 794 984 854; x_wconf 87' lang='lat' dir='ltr'>aut</span> <span class='ocrx_word' id='word_1_31' title='bbox 998 808 1034 852; x_wconf 89' lang='lat' dir='ltr'>se</span> <span class='ocrx_word' id='word_1_32' title='bbox 1048 808 1180 875; x_wconf 83' lang='lat' dir='ltr'>qnoque</span> 
     </span>
     <span class='ocr_line' id='line_1_6' title="bbox 115 886 1180 978; baseline 0 -22"><span class='ocrx_word' id='word_1_33' title='bbox 115 890 150 956; x_wconf 90' lang='lat' dir='ltr'>in</span> <span class='ocrx_word' id='word_1_34' title='bbox 170 909 251 974; x_wconf 81' lang='lat' dir='ltr'>agro</span> <span class='ocrx_word' id='word_1_35' title='bbox 269 886 386 954; x_wconf 84' lang='lat' dir='ltr'>hostili</span> <span class='ocrx_word' id='word_1_36' title='bbox 406 895 516 952; x_wconf 88' lang='lat' dir='ltr'>castra</span> <span class='ocrx_word' id='word_1_37' title='bbox 538 886 738 972; x_wconf 72' lang='lat' dir='ltr'>positurum.</span> <span class='ocrx_word' id='word_1_38' title='bbox 780 887 962 978; x_wconf 72' lang='lat' dir='ltr'>Casperius</span> <span class='ocrx_word' id='word_1_39' title='bbox 975 889 1123 972; x_wconf 79' lang='lat' dir='ltr'>canturio</span> <span class='ocrx_word' id='word_1_40' title='bbox 1143 889 1180 956; x_wconf 89' lang='lat' dir='ltr'>in</span> 
     </span>
     <span class='ocr_line' id='line_1_7' title="bbox 117 986 1181 1078; baseline -0.002 -18"><span class='ocrx_word' id='word_1_41' title='bbox 117 1015 187 1060; x_wconf 88' lang='lat' dir='ltr'>eam</span> <span class='ocrx_word' id='word_1_42' title='bbox 209 989 406 1076; x_wconf 76' lang='lat' dir='ltr'>legationem</span> <span class='ocrx_word' id='word_1_43' title='bbox 418 987 569 1066; x_wconf 80' lang='lat' dir='ltr'>delectus</span> <span class='ocrx_word' id='word_1_44' title='bbox 581 986 672 1077; x_wconf 86' lang='lat' dir='ltr'>epnd</span> <span class='ocrx_word' id='word_1_45' title='bbox 687 987 842 1078; x_wconf 76' lang='lat' dir='ltr'>oppidana</span> <span class='ocrx_word' id='word_1_46' title='bbox 856 991 991 1060; x_wconf 84' lang='lat' dir='ltr'>Nisibin</span> <span class='ocrx_word' id='word_1_47' title='bbox 1003 999 1128 1078; x_wconf 85' lang='lat' dir='ltr'>saptaan</span> <span class='ocrx_word' id='word_1_48' title='bbox 1144 995 1181 1058; x_wconf 87' lang='lat' dir='ltr'>at</span> 
     </span>
     <span class='ocr_line' id='line_1_8' title="bbox 116 1089 1181 1180; baseline -0.004 -18"><span class='ocrx_word' id='word_1_49' title='bbox 116 1095 252 1180; x_wconf 67' lang='lat' dir='ltr'>triginta</span> <span class='ocrx_word' id='word_1_50' title='bbox 276 1091 410 1157; x_wconf 88' lang='lat' dir='ltr'>milibus</span> <span class='ocrx_word' id='word_1_51' title='bbox 432 1111 632 1178; x_wconf 84' lang='lat' dir='ltr'>passuuma</span> <span class='ocrx_word' id='word_1_52' title='bbox 654 1089 897 1176; x_wconf 75' lang='lat' dir='ltr'>Tigranocerta</span> <span class='ocrx_word' id='word_1_53' title='bbox 913 1093 1092 1162; x_wconf 78' lang='lat' dir='ltr'>distantem</span> <span class='ocrx_word' id='word_1_54' title='bbox 1107 1091 1181 1160; x_wconf 84' lang='lat' dir='ltr'>adit</span> 
     </span>
     <span class='ocr_line' id='line_1_9' title="bbox 117 1190 1181 1284; baseline -0.004 -20"><span class='ocrx_word' id='word_1_55' title='bbox 117 1217 228 1284; x_wconf 78' lang='lat' dir='ltr'>regem</span> <span class='ocrx_word' id='word_1_56' title='bbox 240 1201 276 1262; x_wconf 88' lang='lat' dir='ltr'>et</span> <span class='ocrx_word' id='word_1_57' title='bbox 288 1190 442 1260; x_wconf 84' lang='lat' dir='ltr'>mandata</span> <span class='ocrx_word' id='word_1_58' title='bbox 457 1195 613 1264; x_wconf 78' lang='lat' dir='ltr'>ferociter</span> <span class='ocrx_word' id='word_1_59' title='bbox 631 1193 750 1268; x_wconf 85' lang='lat' dir='ltr'>edidit.</span> <span class='ocrx_word' id='word_1_60' title='bbox 791 1194 951 1282; x_wconf 66' lang='lat' dir='ltr'>Vologesi</span> <span class='ocrx_word' id='word_1_61' title='bbox 965 1204 1060 1264; x_wconf 83' lang='lat' dir='ltr'>retae</span> <span class='ocrx_word' id='word_1_62' title='bbox 1072 1202 1107 1263; x_wconf 88' lang='lat' dir='ltr'>at</span> <span class='ocrx_word' id='word_1_63' title='bbox 1121 1215 1181 1283; x_wconf 90' lang='lat' dir='ltr'>pe·</span> 
     </span>
     <span class='ocr_line' id='line_1_10' title="bbox 118 1291 1273 1386; baseline -0.005 -19"><span class='ocrx_word' id='word_1_64' title='bbox 118 1301 209 1366; x_wconf 86' lang='lat' dir='ltr'>nitus</span> <span class='ocrx_word' id='word_1_65' title='bbox 227 1297 362 1363; x_wconf 83' lang='lat' dir='ltr'>infinum</span> <span class='ocrx_word' id='word_1_66' title='bbox 382 1301 457 1362; x_wconf 88' lang='lat' dir='ltr'>erat</span> <span class='ocrx_word' id='word_1_67' title='bbox 476 1317 568 1362; x_wconf 86' lang='lat' dir='ltr'>arma</span> <span class='ocrx_word' id='word_1_68' title='bbox 581 1295 729 1364; x_wconf 83' lang='lat' dir='ltr'>Romana</span> <span class='ocrx_word' id='word_1_69' title='bbox 744 1297 890 1381; x_wconf 77' lang='lat' dir='ltr'>aitaadi3</span> <span class='ocrx_word' id='word_1_70' title='bbox 916 1321 976 1365; x_wconf 86' lang='lat' dir='ltr'>nse</span> <span class='ocrx_word' id='word_1_71' title='bbox 991 1295 1180 1386; x_wconf 84' lang='lat' dir='ltr'>praesentia</span> <span class='ocrx_word' id='word_1_72' title='bbox 1264 1291 1273 1300; x_wconf 83' lang='lat'>&#39;</span> 
     </span>
     <span class='ocr_line' id='line_1_11' title="bbox 118 1389 1180 1490; baseline -0.007 -19"><span class='ocrx_word' id='word_1_73' title='bbox 118 1421 277 1490; x_wconf 83' lang='lat' dir='ltr'>prospere</span> <span class='ocrx_word' id='word_1_74' title='bbox 291 1396 447 1466; x_wconf 83' lang='lat' dir='ltr'>fluebant.</span> <span class='ocrx_word' id='word_1_75' title='bbox 487 1397 626 1464; x_wconf 83' lang='lat' dir='ltr'>irritum</span> <span class='ocrx_word' id='word_1_76' title='bbox 638 1389 825 1481; x_wconf 67' lang='lat' dir='ltr'>obsidiumr</span> <span class='ocrx_word' id='word_1_77' title='bbox 853 1407 947 1468; x_wconf 90' lang='lat' dir='ltr'>tutus</span> <span class='ocrx_word' id='word_1_78' title='bbox 964 1421 1061 1465; x_wconf 89' lang='lat' dir='ltr'>mann</span> <span class='ocrx_word' id='word_1_79' title='bbox 1074 1405 1109 1464; x_wconf 89' lang='lat' dir='ltr'>et</span> <span class='ocrx_word' id='word_1_80' title='bbox 1123 1419 1180 1465; x_wconf 90' lang='lat' dir='ltr'>oo·</span> 
     </span>
     <span class='ocr_line' id='line_1_12' title="bbox 119 1497 1180 1592; baseline -0.006 -22"><span class='ocrx_word' id='word_1_81' title='bbox 119 1503 186 1592; x_wconf 88' lang='lat' dir='ltr'>piis</span> <span class='ocrx_word' id='word_1_82' title='bbox 212 1501 393 1588; x_wconf 60' lang='lat' dir='ltr'>Tigranen</span> <span class='ocrx_word' id='word_1_83' title='bbox 433 1499 540 1584; x_wconf 69' lang='lat' dir='ltr'>inflati</span> <span class='ocrx_word' id='word_1_84' title='bbox 568 1497 625 1586; x_wconf 86' lang='lat' dir='ltr'>qni</span> <span class='ocrx_word' id='word_1_85' title='bbox 650 1502 922 1588; x_wconf 68' lang='lat' dir='ltr'>expugnationem</span> <span class='ocrx_word' id='word_1_86' title='bbox 949 1505 1180 1590; x_wconf 76' lang='lat' dir='ltr'>sumpserant3</span> 
     </span>
     <span class='ocr_line' id='line_1_13' title="bbox 119 1601 1180 1694; baseline -0.004 -22"><span class='ocrx_word' id='word_1_87' title='bbox 119 1605 240 1672; x_wconf 82' lang='lat' dir='ltr'>missae</span> <span class='ocrx_word' id='word_1_88' title='bbox 254 1604 288 1669; x_wconf 89' lang='lat' dir='ltr'>in</span> <span class='ocrx_word' id='word_1_89' title='bbox 302 1601 500 1669; x_wconf 83' lang='lat' dir='ltr'>Armeniam</span> <span class='ocrx_word' id='word_1_90' title='bbox 515 1601 681 1686; x_wconf 73' lang='lat' dir='ltr'>legiones,</span> <span class='ocrx_word' id='word_1_91' title='bbox 702 1611 737 1668; x_wconf 90' lang='lat' dir='ltr'>et</span> <span class='ocrx_word' id='word_1_92' title='bbox 749 1604 833 1694; x_wconf 86' lang='lat' dir='ltr'>aliae</span> <span class='ocrx_word' id='word_1_93' title='bbox 847 1625 908 1694; x_wconf 86' lang='lat' dir='ltr'>pro</span> <span class='ocrx_word' id='word_1_94' title='bbox 922 1602 1022 1692; x_wconf 84' lang='lat' dir='ltr'>Syria</span> <span class='ocrx_word' id='word_1_95' title='bbox 1042 1609 1180 1691; x_wconf 87' lang='lat' dir='ltr'>paratae</span> 
     </span>
     <span class='ocr_line' id='line_1_14' title="bbox 118 1701 1182 1798; baseline -0.006 -24"><span class='ocrx_word' id='word_1_96' title='bbox 118 1709 209 1774; x_wconf 86' lang='lat' dir='ltr'>nitro</span> <span class='ocrx_word' id='word_1_97' title='bbox 228 1707 432 1794; x_wconf 67' lang='lat' dir='ltr'>irrumperet</span> <span class='ocrx_word' id='word_1_98' title='bbox 467 1703 532 1771; x_wconf 87' lang='lat' dir='ltr'>sibi</span> <span class='ocrx_word' id='word_1_99' title='bbox 552 1701 750 1772; x_wconf 86' lang='lat' dir='ltr'>imbecillum</span> <span class='ocrx_word' id='word_1_100' title='bbox 767 1707 911 1794; x_wconf 77' lang='lat' dir='ltr'>equitem</span> <span class='ocrx_word' id='word_1_101' title='bbox 925 1707 1040 1798; x_wconf 84' lang='lat' dir='ltr'>pabuli</span> <span class='ocrx_word' id='word_1_102' title='bbox 1053 1704 1182 1792; x_wconf 89' lang='lat' dir='ltr'>inopia:</span> 
     </span>
     <span class='ocr_line' id='line_1_15' title="bbox 119 1805 1190 1898; baseline -0.003 -23"><span class='ocrx_word' id='word_1_103' title='bbox 119 1829 192 1876; x_wconf 88' lang='lat' dir='ltr'>nam</span> <span class='ocrx_word' id='word_1_104' title='bbox 205 1815 318 1874; x_wconf 86' lang='lat' dir='ltr'>exorta</span> <span class='ocrx_word' id='word_1_105' title='bbox 332 1807 385 1874; x_wconf 84' lang='lat' dir='ltr'>vis</span> <span class='ocrx_word' id='word_1_106' title='bbox 400 1807 603 1873; x_wconf 87' lang='lat' dir='ltr'>locustarum</span> <span class='ocrx_word' id='word_1_107' title='bbox 620 1805 811 1876; x_wconf 75' lang='lat' dir='ltr'>ambederat</span> <span class='ocrx_word' id='word_1_108' title='bbox 830 1807 987 1898; x_wconf 78' lang='lat' dir='ltr'>quicquid</span> <span class='ocrx_word' id='word_1_109' title='bbox 1006 1807 1190 1894; x_wconf 73' lang='lat' dir='ltr'>herbidami</span> 
     </span>
     <span class='ocr_line' id='line_1_16' title="bbox 120 1907 1183 1994; baseline -0.002 -16"><span class='ocrx_word' id='word_1_110' title='bbox 120 1918 179 1978; x_wconf 91' lang='lat' dir='ltr'>aut</span> <span class='ocrx_word' id='word_1_111' title='bbox 190 1908 395 1978; x_wconf 90' lang='lat' dir='ltr'>irondosnm.</span> <span class='ocrx_word' id='word_1_112' title='bbox 438 1907 550 1994; x_wconf 77' lang='lat' dir='ltr'>igitur</span> <span class='ocrx_word' id='word_1_113' title='bbox 564 1915 653 1974; x_wconf 86' lang='lat' dir='ltr'>matu</span> <span class='ocrx_word' id='word_1_114' title='bbox 670 1909 826 1981; x_wconf 84' lang='lat' dir='ltr'>abetrnso</span> <span class='ocrx_word' id='word_1_115' title='bbox 840 1913 973 1980; x_wconf 88' lang='lat' dir='ltr'>mitiora</span> <span class='ocrx_word' id='word_1_116' title='bbox 989 1909 1183 1990; x_wconf 84' lang='lat' dir='ltr'>obtendens,</span> 
     </span>
     <span class='ocr_line' id='line_1_17' title="bbox 119 2009 1183 2103; baseline -0.002 -23"><span class='ocrx_word' id='word_1_117' title='bbox 119 2013 297 2080; x_wconf 86' lang='lat' dir='ltr'>missuram</span> <span class='ocrx_word' id='word_1_118' title='bbox 311 2009 787 2097; x_wconf 81' lang='lat' dir='ltr'>adimperatorsmitomanum</span> <span class='ocrx_word' id='word_1_119' title='bbox 799 2017 930 2100; x_wconf 68' lang='lat' dir='ltr'>legator</span> <span class='ocrx_word' id='word_1_120' title='bbox 944 2035 1048 2103; x_wconf 84' lang='lat' dir='ltr'>anper</span> <span class='ocrx_word' id='word_1_121' title='bbox 1067 2020 1183 2102; x_wconf 89' lang='lat' dir='ltr'>peterr-</span> 
     </span>
     <span class='ocr_line' id='line_1_18' title="bbox 118 2110 1181 2206; baseline 0 -24"><span class='ocrx_word' id='word_1_122' title='bbox 118 2114 161 2182; x_wconf 89' lang='lat' dir='ltr'>da</span> <span class='ocrx_word' id='word_1_123' title='bbox 175 2112 337 2182; x_wconf 84' lang='lat' dir='ltr'>Armenia</span> <span class='ocrx_word' id='word_1_124' title='bbox 356 2119 392 2178; x_wconf 89' lang='lat' dir='ltr'>et</span> <span class='ocrx_word' id='word_1_125' title='bbox 409 2110 568 2178; x_wconf 84' lang='lat' dir='ltr'>firmanda</span> <span class='ocrx_word' id='word_1_126' title='bbox 585 2135 666 2200; x_wconf 89' lang='lat' dir='ltr'>paca</span> <span class='ocrx_word' id='word_1_127' title='bbox 680 2115 871 2206; x_wconf 79' lang='lat' dir='ltr'>respondet.</span> <span class='ocrx_word' id='word_1_128' title='bbox 911 2117 1069 2184; x_wconf 85' lang='lat' dir='ltr'>Monesen</span> <span class='ocrx_word' id='word_1_129' title='bbox 1082 2115 1181 2182; x_wconf 88' lang='lat' dir='ltr'>omit·</span> 
     </span>
     <span class='ocr_line' id='line_1_19' title="bbox 119 2213 1180 2304; baseline -0.005 -19"><span class='ocrx_word' id='word_1_130' title='bbox 119 2225 192 2286; x_wconf 84' lang='lat' dir='ltr'>tere</span> <span class='ocrx_word' id='word_1_131' title='bbox 206 2213 477 2301; x_wconf 70' lang='lat' dir='ltr'>Tigranocertam</span> <span class='ocrx_word' id='word_1_132' title='bbox 495 2213 605 2298; x_wconf 79' lang='lat' dir='ltr'>iubst3</span> <span class='ocrx_word' id='word_1_133' title='bbox 631 2216 705 2304; x_wconf 89' lang='lat' dir='ltr'>ipse</span> <span class='ocrx_word' id='word_1_134' title='bbox 718 2227 808 2286; x_wconf 86' lang='lat' dir='ltr'>retro</span> <span class='ocrx_word' id='word_1_135' title='bbox 823 2217 983 2286; x_wconf 84' lang='lat' dir='ltr'>concedit.</span> <span class='ocrx_word' id='word_1_136' title='bbox 1027 2221 1060 2286; x_wconf 88' lang='grc'>6.</span> <span class='ocrx_word' id='word_1_137' title='bbox 1086 2215 1180 2282; x_wconf 88' lang='lat' dir='ltr'>Haec</span> 
     </span>
     <span class='ocr_line' id='line_1_20' title="bbox 118 2316 1180 2410; baseline -0.004 -24"><span class='ocrx_word' id='word_1_138' title='bbox 118 2322 232 2410; x_wconf 80' lang='lat' dir='ltr'>plures</span> <span class='ocrx_word' id='word_1_139' title='bbox 252 2325 290 2386; x_wconf 86' lang='lat' dir='ltr'>nt</span> <span class='ocrx_word' id='word_1_140' title='bbox 309 2316 482 2384; x_wconf 77' lang='lat' dir='ltr'>formidine</span> <span class='ocrx_word' id='word_1_141' title='bbox 506 2318 594 2404; x_wconf 80' lang='lat' dir='ltr'>regis</span> <span class='ocrx_word' id='word_1_142' title='bbox 616 2327 650 2386; x_wconf 90' lang='lat' dir='ltr'>et</span> <span class='ocrx_word' id='word_1_143' title='bbox 665 2317 865 2387; x_wconf 81' lang='lat' dir='ltr'>Corbulonis</span> <span class='ocrx_word' id='word_1_144' title='bbox 881 2319 978 2388; x_wconf 80' lang='lat' dir='ltr'>arinis</span> <span class='ocrx_word' id='word_1_145' title='bbox 993 2323 1127 2407; x_wconf 84' lang='lat' dir='ltr'>patrata</span> <span class='ocrx_word' id='word_1_146' title='bbox 1141 2337 1180 2382; x_wconf 90' lang='lat' dir='ltr'>aa</span> 
     </span>
     <span class='ocr_line' id='line_1_21' title="bbox 118 2419 1182 2511; baseline -0.009 -17"><span class='ocrx_word' id='word_1_147' title='bbox 118 2421 289 2511; x_wconf 67' lang='lat' dir='ltr'>magnifica</span> <span class='ocrx_word' id='word_1_148' title='bbox 308 2421 525 2490; x_wconf 78' lang='lat' dir='ltr'>extollebant.</span> <span class='ocrx_word' id='word_1_149' title='bbox 575 2419 632 2484; x_wconf 91' lang='lat' dir='ltr'>elii</span> <span class='ocrx_word' id='word_1_150' title='bbox 650 2421 777 2486; x_wconf 87' lang='lat' dir='ltr'>occulte</span> <span class='ocrx_word' id='word_1_151' title='bbox 798 2419 965 2510; x_wconf 78' lang='lat' dir='ltr'>pepigisse</span> <span class='ocrx_word' id='word_1_152' title='bbox 980 2419 1182 2507; x_wconf 85' lang='lat' dir='ltr'>interpreta-</span> 
     </span>
     <span class='ocr_line' id='line_1_22' title="bbox 116 2517 1182 2610; baseline -0.011 -13"><span class='ocrx_word' id='word_1_153' title='bbox 116 2529 257 2608; x_wconf 81' lang='lat' dir='ltr'>bantur,</span> <span class='ocrx_word' id='word_1_154' title='bbox 276 2531 317 2590; x_wconf 88' lang='lat' dir='ltr'>nt</span> <span class='ocrx_word' id='word_1_155' title='bbox 329 2524 453 2592; x_wconf 85' lang='lat' dir='ltr'>omisso</span> <span class='ocrx_word' id='word_1_156' title='bbox 468 2523 624 2610; x_wconf 80' lang='lat' dir='ltr'>ntrinpna</span> <span class='ocrx_word' id='word_1_157' title='bbox 636 2520 723 2588; x_wconf 86' lang='lat' dir='ltr'>balio</span> <span class='ocrx_word' id='word_1_158' title='bbox 738 2531 772 2590; x_wconf 90' lang='lat' dir='ltr'>et</span> <span class='ocrx_word' id='word_1_159' title='bbox 787 2523 926 2590; x_wconf 82' lang='lat' dir='ltr'>abeunte</span> <span class='ocrx_word' id='word_1_160' title='bbox 940 2521 1106 2606; x_wconf 76' lang='lat' dir='ltr'>Vologese</span> <span class='ocrx_word' id='word_1_161' title='bbox 1119 2517 1182 2586; x_wconf 83' lang='lat' dir='ltr'>Ti-</span> 
     </span>
     <span class='ocr_line' id='line_1_23' title="bbox 119 2621 1182 2718; baseline -0.009 -22"><span class='ocrx_word' id='word_1_162' title='bbox 119 2649 237 2718; x_wconf 73' lang='lat' dir='ltr'>graoes</span> <span class='ocrx_word' id='word_1_163' title='bbox 257 2647 388 2714; x_wconf 84' lang='lat' dir='ltr'>quoqne</span> <span class='ocrx_word' id='word_1_164' title='bbox 404 2626 566 2694; x_wconf 80' lang='lat' dir='ltr'>Armenia</span> <span class='ocrx_word' id='word_1_165' title='bbox 592 2624 798 2694; x_wconf 79' lang='lat' dir='ltr'>abscederet.</span> <span class='ocrx_word' id='word_1_166' title='bbox 854 2623 924 2694; x_wconf 82' lang='lat' dir='ltr'>Gor</span> <span class='ocrx_word' id='word_1_167' title='bbox 948 2621 1033 2690; x_wconf 87' lang='lat' dir='ltr'>enim</span> <span class='ocrx_word' id='word_1_168' title='bbox 1056 2621 1182 2688; x_wconf 81' lang='lat' dir='ltr'>exerci-</span> 
     </span>
     <span class='ocr_line' id='line_1_24' title="bbox 119 2720 1181 2816; baseline -0.014 -14"><span class='ocrx_word' id='word_1_169' title='bbox 119 2743 190 2802; x_wconf 85' lang='lat' dir='ltr'>tum</span> <span class='ocrx_word' id='word_1_170' title='bbox 209 2731 390 2813; x_wconf 80' lang='lat' dir='ltr'>Romanum</span> <span class='ocrx_word' id='word_1_171' title='bbox 410 2752 429 2796; x_wconf 96' lang='lat' dir='ltr'>a</span> <span class='ocrx_word' id='word_1_172' title='bbox 449 2729 700 2816; x_wconf 71' lang='lat' dir='ltr'>Tigranocertis</span> <span class='ocrx_word' id='word_1_173' title='bbox 730 2720 932 2796; x_wconf 70' lang='lat' dir='ltr'>deductum?</span> <span class='ocrx_word' id='word_1_174' title='bbox 964 2745 1026 2795; x_wconf 82' lang='lat' dir='ltr'>cur</span> <span class='ocrx_word' id='word_1_175' title='bbox 1047 2721 1181 2789; x_wconf 83' lang='lat' dir='ltr'>deserta</span> 
     </span>
     <span class='ocr_line' id='line_1_25' title="bbox 119 2825 1181 2926; baseline -0.009 -24"><span class='ocrx_word' id='word_1_176' title='bbox 119 2833 304 2926; x_wconf 88' lang='lat' dir='ltr'>parotium</span> <span class='ocrx_word' id='word_1_177' title='bbox 327 2853 411 2919; x_wconf 85' lang='lat' dir='ltr'>qaae</span> <span class='ocrx_word' id='word_1_178' title='bbox 434 2831 524 2898; x_wconf 89' lang='lat' dir='ltr'>bello</span> <span class='ocrx_word' id='word_1_179' title='bbox 546 2825 782 2900; x_wconf 69' lang='lat' dir='ltr'>defenderant?</span> <span class='ocrx_word' id='word_1_180' title='bbox 822 2832 881 2900; x_wconf 79' lang='lat' dir='ltr'>Aa</span> <span class='ocrx_word' id='word_1_181' title='bbox 895 2829 1013 2896; x_wconf 88' lang='lat' dir='ltr'>maline</span> <span class='ocrx_word' id='word_1_182' title='bbox 1027 2827 1181 2894; x_wconf 84' lang='lat' dir='ltr'>hiberna·</span> 
     </span>
     <span class='ocr_line' id='line_1_26' title="bbox 119 2929 1182 3024; baseline -0.01 -17"><span class='ocrx_word' id='word_1_183' title='bbox 119 2938 208 3006; x_wconf 83' lang='lat' dir='ltr'>nisaa</span> <span class='ocrx_word' id='word_1_184' title='bbox 235 2934 269 3001; x_wconf 86' lang='lat' dir='ltr'>in</span> <span class='ocrx_word' id='word_1_185' title='bbox 296 2940 445 3014; x_wconf 65' lang='lat' dir='ltr'>extrema,</span> <span class='ocrx_word' id='word_1_186' title='bbox 471 2933 699 3024; x_wconf 71' lang='lat' dir='ltr'>Cappadocia,</span> <span class='ocrx_word' id='word_1_187' title='bbox 734 2933 855 3022; x_wconf 88' lang='lat' dir='ltr'>raptim</span> <span class='ocrx_word' id='word_1_188' title='bbox 883 2933 1003 3000; x_wconf 86' lang='lat' dir='ltr'>erectis</span> <span class='ocrx_word' id='word_1_189' title='bbox 1024 2929 1182 3020; x_wconf 63' lang='lat' dir='ltr'>tuguriis,</span> 
     </span>
     <span class='ocr_line' id='line_1_27' title="bbox 119 3030 1183 3132; baseline -0.01 -22"><span class='ocrx_word' id='word_1_190' title='bbox 119 3062 220 3131; x_wconf 84' lang='lat' dir='ltr'>qnam</span> <span class='ocrx_word' id='word_1_191' title='bbox 234 3038 268 3106; x_wconf 86' lang='lat' dir='ltr'>in</span> <span class='ocrx_word' id='word_1_192' title='bbox 283 3034 362 3106; x_wconf 89' lang='lat' dir='ltr'>eada</span> <span class='ocrx_word' id='word_1_193' title='bbox 376 3037 470 3124; x_wconf 69' lang='lat' dir='ltr'>mgni</span> <span class='ocrx_word' id='word_1_194' title='bbox 484 3035 582 3104; x_wconf 89' lang='lat' dir='ltr'>moda</span> <span class='ocrx_word' id='word_1_195' title='bbox 599 3030 744 3104; x_wconf 73' lang='lat' dir='ltr'>retenti?</span> <span class='ocrx_word' id='word_1_196' title='bbox 781 3037 904 3104; x_wconf 27' lang='lat' dir='ltr'>*Dilata</span> <span class='ocrx_word' id='word_1_197' title='bbox 924 3047 1064 3132; x_wconf 75' lang='lat' dir='ltr'>protana</span> <span class='ocrx_word' id='word_1_198' title='bbox 1077 3053 1183 3116; x_wconf 83' lang='lat' dir='ltr'>arma,</span> 
     </span>
    </p>
   </div>
   <div class='ocr_carea' id='block_1_4' title="bbox 186 3225 1048 3294">
    <p class='ocr_par' dir='ltr' id='par_1_4' title="bbox 186 3225 1048 3294">
     <span class='ocr_line' id='line_1_28' title="bbox 186 3225 1048 3294; baseline -0.008 -9"><span class='ocrx_word' id='word_1_199' title='bbox 186 3231 218 3285; x_wconf 81' lang='grc'>0.</span> <span class='ocrx_word' id='word_1_200' title='bbox 231 3227 257 3284; x_wconf 80' lang='lat'>5.</span> <span class='ocrx_word' id='word_1_201' title='bbox 290 3227 335 3281; x_wconf 80' lang='lat' dir='ltr'>aa</span> <span class='ocrx_word' id='word_1_202' title='bbox 349 3226 554 3282; x_wconf 81' lang='lat' dir='ltr'>..ambederat</span> <span class='ocrx_word' id='word_1_203' title='bbox 571 3225 648 3294; x_wconf 81' lang='lat' dir='ltr'>Lipe.</span> <span class='ocrx_word' id='word_1_204' title='bbox 681 3229 718 3279; x_wconf 78' lang='lat' dir='ltr'>At</span> <span class='ocrx_word' id='word_1_205' title='bbox 734 3227 809 3280; x_wconf 73' lang='lat' dir='ltr'>tiss.</span> <span class='ocrx_word' id='word_1_206' title='bbox 826 3227 858 3280; x_wconf 83' lang='lat' dir='ltr'>oi</span> <span class='ocrx_word' id='word_1_207' title='bbox 871 3261 878 3278; x_wconf 91' lang='lat'><strong>.</strong></span> <span class='ocrx_word' id='word_1_208' title='bbox 892 3262 899 3278; x_wconf 90' lang='lat'><strong>.</strong></span> <span class='ocrx_word' id='word_1_209' title='bbox 912 3225 1048 3280; x_wconf 56' lang='lat' dir='ltr'>oberat?</span> 
     </span>
    </p>
   </div>
   <div class='ocr_carea' id='block_1_5' title="bbox 121 3405 1187 4157">
    <p class='ocr_par' dir='ltr' id='par_1_5' title="bbox 121 3405 1187 3886">
     <span class='ocr_line' id='line_1_29' title="bbox 171 3405 1184 3482; baseline -0.007 -17"><span class='ocrx_word' id='word_1_210' title='bbox 171 3412 237 3465; x_wconf 78' lang='grc'><strong>0-5.</strong></span> <span class='ocrx_word' id='word_1_211' title='bbox 259 3409 356 3477; x_wconf 76' lang='lat' dir='ltr'>potiare</span> <span class='ocrx_word' id='word_1_212' title='bbox 370 3410 499 3482; x_wconf 83' lang='lat' dir='ltr'>additura,</span> <span class='ocrx_word' id='word_1_213' title='bbox 516 3413 632 3477; x_wconf 83' lang='lat' dir='ltr'>qaaomi-</span> <span class='ocrx_word' id='word_1_214' title='bbox 725 3429 810 3467; x_wconf 84' lang='lat' dir='ltr'>mona</span> <span class='ocrx_word' id='word_1_215' title='bbox 832 3411 865 3464; x_wconf 85' lang='lat' dir='ltr'>ad</span> <span class='ocrx_word' id='word_1_216' title='bbox 888 3411 1004 3471; x_wconf 81' lang='lat' dir='ltr'>militer,</span> <span class='ocrx_word' id='word_1_217' title='bbox 1037 3405 1127 3472; x_wconf 79' lang='lat' dir='ltr'>captia</span> <span class='ocrx_word' id='word_1_218' title='bbox 1148 3405 1184 3457; x_wconf 80' lang='lat' dir='ltr'>td</span> 
     </span>
     <span class='ocr_line' id='line_1_30' title="bbox 121 3474 1183 3545; baseline -0.008 -12"><span class='ocrx_word' id='word_1_219' title='bbox 121 3483 219 3534; x_wconf 82' lang='lat' dir='ltr'>tiarae</span> <span class='ocrx_word' id='word_1_220' title='bbox 234 3483 357 3541; x_wconf 86' lang='lat' dir='ltr'>practbna</span> <span class='ocrx_word' id='word_1_221' title='bbox 369 3484 481 3536; x_wconf 84' lang='lat' dir='ltr'>stmtttor</span> <span class='ocrx_word' id='word_1_222' title='bbox 494 3485 632 3536; x_wconf 74' lang='lat' dir='ltr'>masmana</span> <span class='ocrx_word' id='word_1_223' title='bbox 675 3495 837 3536; x_wconf 80' lang='lat' dir='ltr'>connectas</span> <span class='ocrx_word' id='word_1_224' title='bbox 852 3483 1020 3545; x_wconf 75' lang='lat' dir='ltr'>reliquosque</span> <span class='ocrx_word' id='word_1_225' title='bbox 1032 3491 1098 3530; x_wconf 81' lang='lat' dir='ltr'>nans</span> <span class='ocrx_word' id='word_1_226' title='bbox 1109 3474 1183 3526; x_wconf 82' lang='lat' dir='ltr'>arill-</span> 
     </span>
     <span class='ocr_line' id='line_1_31' title="bbox 122 3544 1182 3616; baseline -0.004 -16"><span class='ocrx_word' id='word_1_227' title='bbox 122 3551 282 3612; x_wconf 67' lang='lat' dir='ltr'>postauam</span> <span class='ocrx_word' id='word_1_228' title='bbox 311 3551 423 3612; x_wconf 76' lang='lat' dir='ltr'>Ltpstne</span> <span class='ocrx_word' id='word_1_229' title='bbox 444 3553 539 3616; x_wconf 83' lang='lat' dir='ltr'>actua,</span> <span class='ocrx_word' id='word_1_230' title='bbox 561 3555 632 3605; x_wconf 81' lang='lat' dir='ltr'>Box-</span> <span class='ocrx_word' id='word_1_231' title='bbox 675 3557 749 3604; x_wconf 82' lang='lat' dir='ltr'>taras</span> <span class='ocrx_word' id='word_1_232' title='bbox 770 3551 936 3602; x_wconf 74' lang='lat' dir='ltr'>referentum</span> <span class='ocrx_word' id='word_1_233' title='bbox 954 3553 1011 3614; x_wconf 82' lang='lat' dir='ltr'>est,</span> <span class='ocrx_word' id='word_1_234' title='bbox 1040 3555 1070 3596; x_wconf 87' lang='lat' dir='ltr'>at</span> <span class='ocrx_word' id='word_1_235' title='bbox 1093 3555 1117 3592; x_wconf 85' lang='lat' dir='ltr'>a.</span> <span class='ocrx_word' id='word_1_236' title='bbox 1139 3544 1182 3594; x_wconf 77' lang='lat'>1⁸·</span> 
     </span>
     <span class='ocr_line' id='line_1_32' title="bbox 122 3611 1183 3682; baseline -0.007 -14"><span class='ocrx_word' id='word_1_237' title='bbox 122 3616 633 3678; x_wconf 75' lang='lat' dir='ltr'>aorntnrproamueuasrtausnaotn-</span> <span class='ocrx_word' id='word_1_238' title='bbox 676 3619 846 3682; x_wconf 79' lang='lat' dir='ltr'>ta.1lt‚tt.</span> <span class='ocrx_word' id='word_1_239' title='bbox 878 3617 928 3680; x_wconf 82' lang='lat' dir='ltr'>iv,</span> <span class='ocrx_word' id='word_1_240' title='bbox 944 3620 987 3666; x_wconf 94' lang='grc'>22.</span> <span class='ocrx_word' id='word_1_241' title='bbox 1026 3617 1063 3666; x_wconf 78' lang='lat' dir='ltr'>At</span> <span class='ocrx_word' id='word_1_242' title='bbox 1081 3611 1183 3663; x_wconf 75' lang='lat' dir='ltr'>Nantua</span> 
     </span>
     <span class='ocr_line' id='line_1_33' title="bbox 121 3680 1181 3756; baseline 0 -22"><span class='ocrx_word' id='word_1_243' title='bbox 121 3685 296 3748; x_wconf 71' lang='lat' dir='ltr'>pertentarent</span> <span class='ocrx_word' id='word_1_244' title='bbox 323 3684 426 3736; x_wconf 76' lang='lat' dir='ltr'>faciant</span> <span class='ocrx_word' id='word_1_245' title='bbox 448 3689 633 3756; x_wconf 84' lang='lat' dir='ltr'>cortutonem‚</span> <span class='ocrx_word' id='word_1_246' title='bbox 675 3689 830 3750; x_wconf 80' lang='lat' dir='ltr'>suspicatur</span> <span class='ocrx_word' id='word_1_247' title='bbox 855 3685 996 3738; x_wconf 68' lang='lat' dir='ltr'>moenibus</span> <span class='ocrx_word' id='word_1_248' title='bbox 1024 3684 1054 3733; x_wconf 82' lang='lat' dir='ltr'>st</span> <span class='ocrx_word' id='word_1_249' title='bbox 1081 3680 1181 3746; x_wconf 70' lang='lat' dir='ltr'>coptu,</span> 
     </span>
     <span class='ocr_line' id='line_1_34' title="bbox 123 3750 1187 3819; baseline -0.004 -17"><span class='ocrx_word' id='word_1_250' title='bbox 123 3765 200 3817; x_wconf 82' lang='lat' dir='ltr'>quem</span> <span class='ocrx_word' id='word_1_251' title='bbox 211 3753 634 3816; x_wconf 78' lang='lat' dir='ltr'>moderatnnetpacteervendee</span> <span class='ocrx_word' id='word_1_252' title='bbox 676 3758 821 3808; x_wconf 78' lang='lat' dir='ltr'>cett-Ana.</span> <span class='ocrx_word' id='word_1_253' title='bbox 835 3753 907 3819; x_wconf 77' lang='lat' dir='ltr'>xli,</span> <span class='ocrx_word' id='word_1_254' title='bbox 923 3751 966 3804; x_wconf 73' lang='grc'>45.</span> <span class='ocrx_word' id='word_1_255' title='bbox 996 3751 1066 3802; x_wconf 77' lang='lat' dir='ltr'>ilict·</span> <span class='ocrx_word' id='word_1_256' title='bbox 1080 3750 1124 3818; x_wconf 84' lang='lat'>11,</span> <span class='ocrx_word' id='word_1_257' title='bbox 1139 3751 1187 3799; x_wconf 75' lang='grc'>32.</span> 
     </span>
     <span class='ocr_line' id='line_1_35' title="bbox 122 3816 1183 3886; baseline -0.005 -14"><span class='ocrx_word' id='word_1_258' title='bbox 122 3821 252 3872; x_wconf 85' lang='lat' dir='ltr'>intentum</span> <span class='ocrx_word' id='word_1_259' title='bbox 266 3827 360 3871; x_wconf 68' lang='lat' dir='ltr'>narra</span> <span class='ocrx_word' id='word_1_260' title='bbox 374 3819 491 3872; x_wconf 69' lang='lat' dir='ltr'>Tantane.</span> <span class='ocrx_word' id='word_1_261' title='bbox 524 3825 615 3878; x_wconf 72' lang='lat' dir='ltr'>Doro.</span> <span class='ocrx_word' id='word_1_262' title='bbox 675 3826 762 3876; x_wconf 75' lang='lat' dir='ltr'>Tutor</span> <span class='ocrx_word' id='word_1_263' title='bbox 772 3823 846 3874; x_wconf 81' lang='lat' dir='ltr'>otrr&#39;r</span> <span class='ocrx_word' id='word_1_264' title='bbox 858 3821 1003 3886; x_wconf 69' lang='lat' dir='ltr'>muriaque</span> <span class='ocrx_word' id='word_1_265' title='bbox 1014 3819 1106 3871; x_wconf 71' lang='lat' dir='ltr'>urben.</span> <span class='ocrx_word' id='word_1_266' title='bbox 1129 3816 1183 3884; x_wconf 87' lang='lat'>111,</span> 
     </span>
    </p>

    <p class='ocr_par' dir='ltr' id='par_1_6' title="bbox 676 3879 1185 3955">
     <span class='ocr_line' id='line_1_36' title="bbox 676 3879 1185 3955; baseline -0.008 -13"><span class='ocrx_word' id='word_1_267' title='bbox 676 3895 719 3946; x_wconf 77' lang='lat'>57.</span> <span class='ocrx_word' id='word_1_268' title='bbox 751 3891 896 3950; x_wconf 79' lang='lat' dir='ltr'>Moeaa&#39;tcr</span> <span class='ocrx_word' id='word_1_269' title='bbox 930 3893 1043 3955; x_wconf 55' lang='lat' dir='ltr'>aetnae</span> <span class='ocrx_word' id='word_1_270' title='bbox 1081 3879 1185 3940; x_wconf 76' lang='lat' dir='ltr'>tartaria-</span> 
     </span>
    </p>

    <p class='ocr_par' dir='ltr' id='par_1_7' title="bbox 171 3953 1184 4027">
     <span class='ocr_line' id='line_1_37' title="bbox 171 3953 1184 4027; baseline -0.002 -20"><span class='ocrx_word' id='word_1_271' title='bbox 171 3953 286 4008; x_wconf 76' lang='lat' dir='ltr'>stamar</span> <span class='ocrx_word' id='word_1_272' title='bbox 304 3955 401 4016; x_wconf 72' lang='lat' dir='ltr'>penam</span> <span class='ocrx_word' id='word_1_273' title='bbox 415 3966 450 4006; x_wconf 83' lang='lat' dir='ltr'>ex</span> <span class='ocrx_word' id='word_1_274' title='bbox 467 3955 585 4008; x_wconf 76' lang='lat' dir='ltr'>subiecto</span> <span class='ocrx_word' id='word_1_275' title='bbox 598 3957 633 4024; x_wconf 73' lang='lat' dir='ltr'>fl·</span> <span class='ocrx_word' id='word_1_276' title='bbox 675 3961 800 4024; x_wconf 80' lang='lat' dir='ltr'>speciose</span> <span class='ocrx_word' id='word_1_277' title='bbox 817 3960 963 4027; x_wconf 73' lang='lat' dir='ltr'>(ntaionod</span> <span class='ocrx_word' id='word_1_278' title='bbox 980 3959 1068 4008; x_wconf 85' lang='lat' dir='ltr'>lentus</span> <span class='ocrx_word' id='word_1_279' title='bbox 1087 3953 1184 4010; x_wconf 73' lang='lat' dir='ltr'>etiam</span> 
     </span>
    </p>

    <p class='ocr_par' dir='ltr' id='par_1_8' title="bbox 123 4023 1186 4157">
     <span class='ocr_line' id='line_1_38' title="bbox 123 4023 1186 4100; baseline 0 -26"><span class='ocrx_word' id='word_1_280' title='bbox 123 4023 459 4090; x_wconf 67' lang='lat' dir='ltr'>monumemtum,</span> <span class='ocrx_word' id='word_1_281' title='bbox 481 4027 549 4088; x_wconf 80' lang='lat' dir='ltr'>qnod</span> <span class='ocrx_word' id='word_1_282' title='bbox 568 4027 634 4078; x_wconf 76' lang='lat' dir='ltr'>later</span> <span class='ocrx_word' id='word_1_283' title='bbox 676 4031 788 4082; x_wconf 62' lang='lat' dir='ltr'>munau</span> <span class='ocrx_word' id='word_1_284' title='bbox 815 4032 844 4078; x_wconf 87' lang='lat' dir='ltr'>et</span> <span class='ocrx_word' id='word_1_285' title='bbox 863 4028 963 4100; x_wconf 65' lang='lat' dir='ltr'>coptu</span> <span class='ocrx_word' id='word_1_286' title='bbox 991 4025 1186 4089; x_wconf 73' lang='lat' dir='ltr'>emendasset),</span> 
     </span>
     <span class='ocr_line' id='line_1_39' title="bbox 123 4091 1029 4157; baseline 0.001 -14"><span class='ocrx_word' id='word_1_287' title='bbox 123 4097 152 4146; x_wconf 83' lang='lat' dir='ltr'>tn</span> <span class='ocrx_word' id='word_1_288' title='bbox 165 4093 318 4157; x_wconf 78' lang='lat' dir='ltr'>praedicato</span> <span class='ocrx_word' id='word_1_289' title='bbox 332 4091 467 4157; x_wconf 74' lang='lat' dir='ltr'>bafiaum:</span> <span class='ocrx_word' id='word_1_290' title='bbox 485 4093 539 4144; x_wconf 82' lang='lat' dir='ltr'>vid.</span> <span class='ocrx_word' id='word_1_291' title='bbox 553 4107 577 4147; x_wconf 86' lang='lat' dir='ltr'>c.</span> <span class='ocrx_word' id='word_1_292' title='bbox 590 4099 633 4148; x_wconf 81' lang='grc'>22.</span> <span class='ocrx_word' id='word_1_293' title='bbox 676 4097 906 4154; x_wconf 79' lang='lat' dir='ltr'>nonaeceesaria.</span> <span class='ocrx_word' id='word_1_294' title='bbox 941 4097 1029 4148; x_wconf 80' lang='lat' dir='ltr'>Doro.</span> 
     </span>
    </p>
   </div>
   <div class='ocr_carea' id='block_1_6' title="bbox 164 4158 1126 4244">
    <p class='ocr_par' dir='ltr' id='par_1_9' title="bbox 164 4158 1126 4244">
     <span class='ocr_line' id='line_1_40' title="bbox 164 4158 1126 4244; baseline -0.004 -12"><span class='ocrx_word' id='word_1_295' title='bbox 164 4177 299 4244; x_wconf 67' lang='grc' dir='ltr'>Μαι,</span> <span class='ocrx_word' id='word_1_296' title='bbox 314 4177 360 4231; x_wconf 82' lang='lat' dir='ltr'>ed.</span> <span class='ocrx_word' id='word_1_297' title='bbox 374 4160 554 4232; x_wconf 55' lang='lat' dir='ltr'>vaenalem.</span> <span class='ocrx_word' id='word_1_298' title='bbox 890 4159 894 4167; x_wconf 54' lang='lat'><strong>¹</strong></span> <span class='ocrx_word' id='word_1_299' title='bbox 937 4158 1000 4230; x_wconf 69' lang='grc'>31’</span> <span class='ocrx_word' id='word_1_300' title='bbox 1094 4177 1098 4190; x_wconf 89' lang='grc'><strong>“</strong></span> <span class='ocrx_word' id='word_1_301' title='bbox 1121 4161 1126 4177; x_wconf 85' lang='lat'>&#39;</span> 
     </span>
    </p>
   </div>
   <div class='ocr_carea' id='block_1_7' title="bbox 0 0 1448 4804">
    <p class='ocr_par' dir='ltr' id='par_1_10' title="bbox 0 0 1448 4804">
     <span class='ocr_line' id='line_1_41' title="bbox 0 0 1448 4804; baseline 0 0"><span class='ocrx_word' id='word_1_302' title='bbox 0 0 1448 4804; x_wconf 95' lang='lat' dir='ltr'> </span> 
     </span>
    </p>
   </div>
  </div>
 </body>
</html>
