2868 4802
235 219 303 291 ese
620 185 932 284 eruamur
1040 240 1044 248 ·

186 403 313 478 tidem
344 399 500 471 libertam
524 397 652 492 primae
679 399 905 471 adnleeeentle
930 399 1105 492 eupidinee
1130 399 1314 483 velaverat,

238 506 503 603 praebueratque
524 527 660 590 nomen,
681 511 721 572 ut
734 525 820 594 qnae
833 505 990 597 prineepe
1003 505 1119 573 lurtlm
1133 505 1315 573 muliereu·

238 615 294 681 lae
319 609 507 692 tribuebat,
541 608 600 677 ille
623 609 734 699 palam
760 605 955 697 largiretur.
1004 607 1095 677 Tum
1117 609 1315 700 Agrippina

238 713 346 784 tersie
374 713 505 781 artibus
530 735 593 805 per
612 709 839 782 blandimenta
858 713 1008 782 iuvenem
1032 712 1187 800 aggredi,
1214 733 1314 780 euurn

168 851 174 862 ·
206 839 213 852 ·
238 815 352 908 potius
373 815 561 885 eubienlum
577 839 616 886 ao
629 819 736 885 einum
756 815 876 885 offerre
889 816 1121 904 contegendis,
1142 835 1228 904 quoe
1243 816 1315 906 pri·

238 943 293 988 rna
306 927 399 987 aetae
413 925 449 986 et
463 943 591 988 eumrna
605 921 739 988 iortuna
754 927 959 1010 expeterent.
1000 921 1082 1009 quin
1094 929 1130 990 et
1143 917 1315 988 fatebatur

238 1021 505 1114 intempestivam
527 1025 760 1108 severitatem,
785 1033 821 1095 et
832 1045 969 1094 enarum
984 1045 1104 1114 opum,
1123 1042 1210 1115 quae
1224 1021 1313 1091 baud

238 1129 358 1219 proeul
379 1114 606 1215 imperatoriis
628 1129 786 1212 aberant,
815 1129 930 1219 eopioe
952 1125 1125 1210 tradebat,
1149 1135 1190 1194 ut
1210 1127 1312 1193 nimia

239 1249 348 1320 nuper
361 1225 542 1298 coercendo
557 1229 646 1312 lilio,
668 1229 717 1300 ita
732 1254 865 1300 rursum
881 1233 1144 1323 intemperanter
1153 1230 1313 1299 demirer.

241 1333 338 1423 Quae
355 1333 497 1400 mutatio
518 1353 624 1421 neque
640 1333 807 1403 Neronem
824 1335 963 1418 ielellit,
983 1341 1019 1403 et
1034 1335 1177 1427 proximi
1191 1333 1313 1401 auleo-

239 1459 314 1505 rum
329 1435 539 1519 metuebant,
559 1435 765 1527 orabantque
777 1460 894 1507 earore
906 1437 1047 1508 insidiae
1062 1439 1213 1507 mulierie
1225 1459 1313 1505 eem-

239 1539 302 1634 'per
317 1541 460 1621 otroeie,
485 1543 557 1605 tum
577 1545 613 1605 et
627 1539 745 1611 taleae.
787 1539 891 1610 Forte
905 1541 975 1610 illie
990 1541 1108 1610 diebue
1121 1542 1249 1612 Gaeear
1261 1539 1313 1608 in-

240 1649 356 1733 epeoto
372 1651 510 1725 ornatu,
537 1665 603 1730 quo
618 1643 806 1734 principum
819 1645 976 1735 eoniugee
994 1667 1033 1714 ao
1045 1651 1201 1736 parentes
1216 1643 1313 1711 ellel-

240 1751 374 1828 eerant,
395 1743 514 1832 deligit
525 1753 650 1814 vestem
664 1754 699 1814 et
711 1769 877 1835 gemmeo,
897 1749 1055 1838 mieitque
1067 1749 1188 1816 donum
1202 1749 1312 1832 metri,

240 1849 334 1915 nulle
353 1849 575 1938 parcimonia,
601 1871 674 1916 eum
689 1851 869 1943 praecipua
885 1859 920 1919 et
932 1853 1046 1943 eupita
1060 1853 1136 1922 aliie
1149 1855 1244 1946 prior
1255 1853 1312 1921 de-

239 1949 357 2019 terret.
402 1949 471 2020 Sed
491 1953 683 2044 Agrippina
704 1975 769 2021 non
789 1955 841 2022 bie
859 1955 982 2023 inetrui
999 1957 1111 2024 eultue
1129 1977 1231 2040 euoe,
1252 1955 1313 2045 eed

238 2051 364 2121 oetarie
383 2053 490 2122 areeri
509 2057 711 2144 proclamat,
738 2065 774 2124 et
791 2056 939 2126 dividere
962 2057 1068 2127 illium
1088 2083 1174 2150 qnae
1193 2065 1312 2128 eunete

240 2177 281 2223 ex
299 2156 375 2247 ipea
396 2157 545 2230 baberet.
587 2153 661 2226 Nee
685 2157 820 2227 deluere
841 2161 899 2248 qui
918 2163 953 2230 in
972 2163 1121 2232 deteriue
1137 2165 1313 2235 referrent.

240 2261 296 2328 lt.
317 2257 364 2327 Et
377 2259 471 2329 Nero
484 2263 634 2330 inieneue
648 2263 708 2345 iie,
730 2263 855 2352 quibue
869 2265 1028 2357 euperbie
1041 2267 1213 2336 muliebrio
1225 2267 1313 2335 inni-

238 2360 395 2445 tebatur,
423 2361 575 2434 demovet
592 2363 779 2435 Pallantem
795 2385 1021 2449 curararum,
1045 2373 1121 2462 quie
1138 2369 1312 2441 aclaudio

238 2465 420 2558 impositus
435 2466 529 2546 velut
543 2469 707 2538 arbitrum
726 2465 824 2558 regni
834 2471 970 2559 agebat,
995 2473 1233 2567 ferebaturque
1251 2475 1314 2544 de-

240 2567 413 2656 grediente
427 2591 466 2639 eo
479 2593 595 2660 magna
608 2577 880 2664 proeequeutium
894 2575 1107 2646 multitudine
1119 2601 1184 2648 non
1197 2580 1315 2649 abeur-

307 2709 537 2794 intempestivam
553 2731 614 2784 edi.
648 2733 686 2786 et
702 2733 755 2784 iia.
773 2731 1011 2800 interpertotem.

309 2793 341 2846 ὓ.
357 2793 398 2848 ti.
431 2799 577 2854 arturum
593 2801 653 2853 ede
687 2803 725 2852 :it
740 2805 795 2856 ite.
819 2803 992 2873 arbitrium,
1014 2811 1044 2856 nt
1057 2801 1129 2856 litet.
1141 2805 1193 2874 iv,
1209 2807 1254 2862 21.

292 2947 449 3002 oottmtom
459 2963 495 3003 ee
507 2951 615 3016 atrum]
631 2955 759 3020 Agrippi·
800 2957 901 3014 enideo
914 2961 949 3013 ed
961 2957 989 3011 ii
1002 2957 1128 3014 milonio
1139 2961 1314 3029 terebreeqne

241 3019 419 3068 ueneritne
428 3023 499 3072 beuti
508 3023 624 3088 ellenon
633 3033 702 3093 erar,
715 3027 759 3077 in·
799 3029 922 3092 propriae
933 3031 1070 3084 offerebat.
1104 3031 1244 3084 excurre.

241 3091 346 3137 emtum
360 3099 419 3139 eem
432 3101 493 3140 eum
508 3090 564 3142 tilio
576 3093 683 3145 Nerone
703 3093 758 3146 iam
849 3100 1036 3164 expeterent]
1058 3098 1171 3164 euppie:
1188 3099 1295 3164 contegi
1301 3114 1313 3162 ς

241 3155 299 3206 tum
318 3165 426 3208 eecrooe
445 3167 533 3209 mente
552 3159 681 3225 agitem.
720 3166 758 3216 et
799 3177 862 3219 nem
876 3168 1020 3218 meretricii
1034 3179 1137 3220 amoree
1149 3180 1199 3218 nee
1212 3168 1311 3221 imme-

239 3221 284 3274 bte
302 3225 410 3292 verbio,
434 3227 591 3281 ammodum
609 3243 645 3282 oe
662 3231 758 3286 einum
799 3237 903 3288 ouriteel
919 3239 1174 3288 adolescentulorum
1193 3236 1311 3288 nee'di-

241 3294 354 3344 eandem
374 3293 430 3346 vim
448 3296 554 3367 iueeee,
577 3305 607 3351 nr
623 3299 707 3352 titium
721 3303 756 3354 ed
798 3303 894 3371 gnitati
907 3305 1054 3369 principum
1066 3303 1285 3356 eoneeeeierant.

241 3357 271 3411 iu
291 3365 382 3413 eoeine
401 3373 495 3429 aperte
516 3365 625 3436 inritet,
648 3381 700 3420 non
713 3379 756 3422 eet
848 3375 880 3426 to
894 3376 1038 3444 deterius,
1055 3373 1112 3425 ecit.
1125 3377 1243 3438 mutate3
1258 3385 1313 3436 re·

243 3431 402 3484 verisimile.
446 3433 518 3487 riam
547 3437 625 3506 xiv,
660 3439 675 3489 1
706 3441 755 3492 boe
798 3441 933 3510 terrent,
950 3446 1010 3496 soti.
1026 3445 1214 3498 etiterouena.

242 3497 331 3562 ipeon
350 3501 493 3555 corneliue
513 3513 640 3571 tanquam
656 3512 754 3562 noveru
847 3507 929 3563 cdi.
952 3524 1026 3566 eure
1038 3515 1153 3576 rerum]
1168 3509 1314 3565 moenia

244 3571 273 3619 et
284 3570 399 3623 immane
411 3573 518 3626 iaoinue
527 3589 560 3626 ex
570 3575 754 3632 emendaciu—
798 3577 1123 3652 clarummontem,
1147 3585 1216 3634 teste
1237 3583 1313 3632 suet.

245 3635 285 3687 vil
297 3641 381 3692 eredit
393 3645 472 3707 etque
484 3647 652 3698 exereretur.
686 3647 758 3699 cen-
801 3647 841 3700 Gt·
857 3652 893 3704 28
904 3659 932 3700 et
945 3653 1042 3716 lepide,
1058 3651 1151 3718 inquo
1164 3653 1313 3712 scutetum

243 3715 292 3758 reo
311 3705 402 3774 itaque
420 3713 595 3780 Agrippinen
617 3717 758 3782 indulgen·
800 3719 894 3771 Paltos
913 3719 991 3772 Ooee.
1010 3721 1049 3774 N.
1067 3725 1134 3772 Ser.
1155 3721 1314 3774 adiutore

243 3779 298 3826 tem
315 3777 370 3830 iem
388 3781 416 3832 et
434 3779 641 3846 intemperanter
658 3787 759 3838 demie-
798 3787 968 3840 roitontoue.
1016 3793 1051 3842 Et
1076 3791 1178 3844 zonae.
1203 3789 1261 3852 xl,
1285 3789 1314 3838 tt·

243 3851 312 3910 tem,
323 3847 657 3904 elmuiavieeelibidinibne
667 3867 697 3906 ee
708 3853 758 3908 lllll
797 3847 939 3926 lectitaret
951 3851 969 3924 η’
980 3853 1036 3911 eoir
1047 3853 1196 3928 χρημάτων
1208 3851 1315 3922 deoder-

243 3919 295 3959 non
307 3915 412 3976 quidem
425 3919 583 3988 edeereeri,
605 3925 653 3974 sed
672 3923 757 3988 impe-
797 3921 1058 3992 reciperatorem.
1097 3936 1100 3944 '

242 3979 327 4030 reteri
339 3983 577 4040 nintmedecoronr
589 4005 650 4042 eese
663 3994 757 4044 iutue—
848 3996 1049 4063 degrediente,
1077 3997 1111 4046 eie
1132 3993 1252 4059 petatio,
1280 4000 1315 4043 ue

242 4049 345 4102 morit
356 4053 532 4108 mulierculae
543 4061 634 4124 pelen
647 4063 756 4130 bebere,
796 4063 875 4128 piene
889 4067 924 4118 ii.
937 4063 998 4131 lii,
1011 4063 1057 4118 ol.
1078 4060 1317 4129 Pronuntiatur
