2862 4810
225 273 300 354 ‘ato
619 271 932 347 nltltnolutt

186 469 298 558 toqui
313 473 462 558 temporo
477 467 568 532 stato
581 485 643 554 per
655 463 801 552 quietem
817 467 929 531 monet
940 457 1149 548 emmaus,
1170 472 1210 534 ut
1227 471 1315 533 tem·

234 577 328 666 plum
348 573 442 640 iuxta
465 589 570 655 equos
592 571 728 636 venatui
752 567 933 635 adornatos
958 566 1095 638 sistant.
1147 571 1227 658 equi
1252 570 1315 638 ubi

233 677 411 767 pharetras
434 671 515 738 talis
537 675 875 760 annumeratam,
902 690 967 759 per
985 671 1098 740 saltus
1116 675 1193 760 vagi
1214 681 1315 742 noete

235 779 368 846 demum
398 775 512 844 raonis
539 773 709 866 pharetris
734 776 843 842 multo
869 793 944 838 eum
975 771 1125 840 anhelitu
1158 774 1314 847 redeunt.

236 902 357 948 rursus
380 877 482 960 dous,
509 899 575 966 qua
597 879 702 946 silvas
716 877 959 965 persuaserit,
984 883 1147 944 noeturno
1162 878 1238 946 visu
1253 877 1312 944 ds·

235 991 421 1065 monstrat,
445 981 724 1072 reperiunturque
744 979 841 1047 iusso
863 977 989 1068 passim
1010 978 1115 1050 imae.
1165 985 1220 1050 14.
1246 980 1312 1051 Ge-

234 1097 344 1156 tarum
369 1085 550 1165 Gotarzes,
586 1082 732 1152 nondum
751 1085 838 1152 satis
857 1090 958 1152 sueto
979 1083 1146 1164 mamito,
1174 1085 1311 1152 flumine

235 1187 360 1260 Corma
377 1208 440 1279 pro
464 1187 668 1254 munimento
684 1187 754 1269 uti,
780 1191 817 1254 et
830 1205 1019 1275 quanquam
1034 1207 1098 1274 per
1115 1187 1312 1255 inssemie-

235 1313 296 1359 nss
311 1299 346 1358 ot
358 1291 494 1358 nuntios
509 1289 551 1356 ad
567 1290 731 1377 proelium
743 1296 938 1373 vooaretur,
959 1297 1095 1359 ueotme
1109 1311 1239 1372 moras,
1256 1292 1310 1358 lo-

236 1416 295 1462 oos
312 1403 460 1476 mutare,
487 1399 524 1460 ot
541 1392 655 1460 missis
676 1395 930 1482 corruptoribus
951 1394 1135 1462 uueodam
1151 1393 1195 1461 ad
1208 1392 1309 1462 tidem

234 1497 351 1566 hostes
371 1497 545 1568 emerueri.
585 1495 638 1563 llx
659 1498 736 1586 quis
755 1493 866 1564 lzates
882 1495 1079 1578 Adiebouo,
1102 1497 1309 1567 moonha-

234 1623 295 1669 rus
309 1599 464 1669 Arabum
478 1619 553 1666 oum
567 1601 714 1666 moroitu
731 1597 933 1682 abscedunt,
953 1601 1092 1668 levitate
1109 1601 1247 1689 gentili,
1271 1607 1309 1668 ot

232 1706 314 1794 quia
333 1702 568 1792 experimentis
582 1703 751 1789 eoguitum
764 1709 818 1770 est
832 1703 993 1770 barbaros
1007 1705 1108 1771 malle
1120 1705 1227 1772 Roma
1247 1723 1309 1792 pe-

232 1817 306 1876 tere
326 1825 423 1891 reges
443 1825 542 1892 quam
564 1804 698 1876 hahere.
744 1805 1022 1874 nomenatus
1036 1805 1158 1874 validis
1170 1806 1307 1874 auxiliis

231 1907 399 1989 nudatus,
427 1914 614 1975 oeterorum
630 1907 820 1997 proditione
833 1915 1010 1997 suepeota,
1031 1908 1122 1998 quod
1135 1931 1237 1976 unu·
1251 1931 1307 1977 re-

190 2013 193 2022 '
230 2013 380 2100 liquum,
408 2031 479 2077 rom
502 2012 538 2078 in
556 2032 671 2080 ossum
690 2009 772 2079 dare
791 2013 986 2102 proelioque
1005 2012 1151 2102 experiri
1171 2013 1306 2087 statuit.

229 2111 304 2184 llos
325 2113 527 2181 detrootarit
547 2137 690 2206 pugnam
706 2114 871 2182 Gotarzes
890 2114 1071 2182 deminutis
1087 2115 1241 2183 hostibus
1256 2116 1307 2182 ie·

160 2245 166 2256 ·
227 2239 307 2303 τοις
330 2237 610 2307 oouoorsumque,
629 2237 747 2305 magua
760 2215 862 2284 oasde
874 2224 911 2285 et
923 2217 1078 2304 ambiguo
1093 2227 1225 2301 eventu,
1244 2217 1307 2287 do-

228 2343 289 2390 uoo
305 2319 466 2392 Garanum
483 2320 672 2410 profligatis
686 2321 837 2390 obversis
854 2321 989 2408 longius
1003 2327 1153 2390 ereetum
1173 2322 1304 2407 integer

229 2447 251 2492 a
274 2431 370 2512 tergo
400 2423 521 2513 globus
550 2425 817 2494 oireumveuirat.
867 2423 957 2490 Tum
977 2426 1068 2492 omni
1086 2445 1148 2513 ape
1168 2422 1302 2514 perdita

227 2525 458 2611 Meherdates,
483 2529 649 2618 promissa
666 2525 844 2596 Parrhaois
857 2527 990 2616 paterni
1008 2528 1142 2596 olisotis
1156 2533 1304 2610 emotus,

228 2629 308 2700 dolo
329 2634 404 2699 eius
423 2632 571 2699 vinoitor
591 2627 806 2719 traditurque
827 2630 960 2701 ueteri.
1007 2631 1127 2720 Atque
1152 2633 1212 2700 ille
1236 2653 1303 2701 non

226 2735 453 2824 propinquum
474 2755 581 2823 nequo
595 2734 740 2802 Arsaois
759 2731 802 2799 de
818 2739 935 2818 gente,
956 2731 1017 2800 sed
1034 2735 1252 2820 alienigenam
1266 2741 1304 2803 et

226 2837 414 2910 Romanum
430 2839 623 2930 increpans,
644 2835 782 2904 auribus
797 2833 922 2904 decisis
935 2836 1046 2904 vivere
1060 2837 1172 2919 iubet,
1190 2847 1303 2906 osten-

226 2939 280 3006 tui
299 2941 495 3007 elementiae
513 2961 594 3007 suaa
609 2948 645 3008 st
655 2943 691 3006 in
707 2959 770 3006 uos
783 2935 1086 3010 dehonestamento.
1127 2940 1219 3010 Dein
1234 2941 1304 3011 Go-

226 3049 338 3110 tones
352 3041 467 3111 morbo
482 3043 585 3126 obiit,
608 3043 800 3131 aooitusque
811 3041 848 3108 in
859 3063 998 3130 reguum
1010 3041 1169 3112 Vonones
1181 3045 1301 3114 blodos

226 3153 300 3216 tum
322 3145 529 3234 praesidens.
572 3145 679 3214 Nulla
695 3145 773 3213 hoio
794 3166 955 3234 prospera
967 3151 1028 3212 aut
1042 3145 1202 3229 adversa,
1221 3149 1300 3237 quis

227 3255 482 3320 memoraretur.
524 3249 673 3318 breviat
694 3249 837 3338 inglorio
857 3248 997 3338 imperio
1020 3251 1213 3338 periuratus
1233 3256 1300 3334 est,

225 3376 349 3446 resque
363 3351 564 3423 Parthorum
581 3355 616 3420 iu
629 3353 735 3420 lilium
747 3353 822 3420 eius
833 3349 1026 3440 Vologesen
1040 3354 1235 3422 maniano.

328 3459 384 3530 15.
411 3459 465 3528 At
485 3455 700 3525 Mithridates
719 3454 935 3545 Bosporanus
954 3456 1089 3525 omissis
1108 3456 1228 3547 opibus
1242 3478 1301 3526 ra·

226 3584 308 3652 guo,
328 3568 506 3654 postquam
521 3559 661 3630 Didium
678 3557 796 3628 duaem
812 3556 999 3628 Romanum
1018 3559 1188 3648 roburque
1205 3579 1301 3628 exer·

290 3735 383 3790 aas
418 3735 652 3803 mrttooslta.
686 3730 984 3804 masmanna

275 3903 739 3973 oao.ssoeraastu1ua
782 3903 1299 3992 dequoxhssnaloqoranousr·

223 3973 269 4042 n
259 3979 369 4098 culs·
409 4045 610 4110 Bosporanus]
641 4043 677 4093 Ut
695 4039 739 4093 tl
781 3973 1044 4110 rotamur
963 3970 1192 4058 ..Μ’
1204 3969 1299 4058 ’.ω’

220 4111 740 4178 songmouraosruamorutnrtosra,
780 4127 830 4163 aas
844 4106 947 4166 osiam
905 4035 1298 4176 siiifflhmif'iltqhma-
1181 4035 1300 4096 ’.ωι-
